2036 3022
120 257 171 318 rel
402 265 428 315 c.
454 259 636 315 sunnonrr

120 391 257 446 interdum
266 391 439 444 inconsultus
450 409 483 444 ac
495 407 640 461 praeceps,
660 403 858 457 nonnunquam
869 389 919 443 fri-

120 469 200 520 volus
212 469 366 537 amentique
377 469 484 519 similis.
512 467 602 528 Quum
612 465 738 518 deornias
748 480 841 518 rernm
852 471 917 519 actu
1011 497 1012 534 r

120 549 298 612 expungeret,
320 559 393 606 eum,
415 544 464 610 qui
475 541 647 593 dissimulata
657 541 815 603 vacatione,
833 557 918 609 quarn

119 618 252 669 beneficio
264 617 413 669 liberorum
425 615 556 680 habebat,
578 616 771 684 responderat,
792 621 825 665 ut
839 616 917 682 cupi-

120 693 183 743 dum
196 692 339 743 iudicandi
353 692 468 742 dimisit:
494 691 579 742 alium
592 689 795 757 interpellatum
810 691 846 740 ab
869 691 917 741 ad·
1011 711 1012 714 ¹

118 767 248 818 versariis
264 766 297 816 de
313 766 427 833 propria
436 766 499 829 lite,
520 771 728 832 negantemque,
745 765 918 832 cognitionis

118 857 183 904 rem,
195 841 242 892 sed
254 840 390 894 ordinarii
399 841 468 892 iuris
480 857 547 904 esse,
554 855 634 907 agere
645 855 757 891 causam
768 839 917 890 confestim

118 915 191 983 apud
202 931 231 966 se
243 917 347 982 coegit,
368 916 481 982 proprio
497 916 610 982 negotio
626 914 819 966 docrnnentnm
834 915 916 965 datu-

117 1006 189 1054 rum,
212 1005 293 1058 qnam
309 1006 411 1058 aequus
424 991 507 1041 iudex
521 991 550 1040 in
565 990 656 1040 alieno
670 991 785 1055 negotio
803 989 916 1039 futrrrus

118 1072 197 1117 esset.
236 1065 386 1129 Feminam,
397 1081 453 1116 non
463 1070 655 1132 agnoscentem
665 1065 750 1114 lilium
762 1079 852 1127 snum,
864 1065 915 1115 (lu-

117 1141 164 1190 bia
183 1143 310 1208 utrinque
332 1145 552 1207 argunnentorum
573 1139 639 1203 lide,
660 1138 696 1188 ad
711 1138 916 1190 confessionem
1011 1199 1012 1206 ἶ

118 1216 263 1282 compulit,
279 1214 385 1266 indicto
396 1214 571 1267 matrimonio
583 1213 697 1264 invenis.
736 1212 914 1277 Absentibus,

117 1290 264 1341 secundnm
275 1295 432 1356 praesentes
442 1288 575 1339 facillime
587 1288 684 1351 (labat,
705 1288 782 1340 nullo
794 1287 913 1351 delectu,

117 1365 231 1431 culpane
247 1365 308 1430 quis
324 1381 358 1415 an
374 1365 469 1433 aliqua
483 1363 645 1415 necessitate
662 1367 803 1414 cessasset.
844 1361 913 1413 Pro-

118 1439 252 1490 clamante
264 1438 597 1506 quodam,praecidendas
607 1437 722 1488 falsario
733 1453 839 1509 marrus,
852 1453 913 1488 oar-

115 1514 222 1564 nificem
234 1515 326 1564 statim
338 1514 423 1564 acciri
434 1529 494 1564 cnm
508 1511 654 1563 machaera
664 1528 812 1579 mensaque
822 1513 915 1566 lanio-

115 1589 163 1639 nia
172 1588 317 1655 flagitavit.
355 1587 564 1654 Peregrinitatis
575 1603 659 1652 reum,
673 1593 734 1640 orta
744 1588 815 1638 inter
827 1587 914 1639 advo-

117 1669 194 1713 catos
209 1663 264 1713 levi
280 1663 468 1726 contentione,
489 1669 648 1729 togatumne
664 1678 698 1712 an
713 1662 860 1730 palliatum
872 1663 914 1713 di-

117 1752 177 1788 cere
198 1752 308 1786 cansam
324 1743 476 1804 oporteret,
499 1738 579 1804 quasi
594 1738 760 1806 aequitatem
774 1739 914 1805 integram

117 1818 269 1874 ostentans,
280 1817 386 1863 mutare
397 1810 521 1863 habitum
532 1812 655 1879 saepius,
668 1819 695 1864 et
704 1818 787 1879 prout
798 1827 913 1864 accersa-

116 1891 190 1938 retur
201 1885 436 1951 (lefendereturve,
457 1888 546 1939 iussit.
586 1887 628 1938 De
640 1886 760 1953 quodam
770 1888 856 1938 etiam
866 1903 914 1939 ne-

115 1963 192 2029 gotio
203 1963 243 2014 ita
254 1979 287 2013 ex
297 1962 400 2014 tabella
410 1963 606 2030 pronunciasse
617 1962 750 2026 creditur,
771 1964 915 2014 secandum

116 2054 157 2088 eos
168 2037 314 2101 assentire,
336 2037 382 2104 qni
395 2054 457 2089 vero
463 2036 668 2104 proposuissent.
708 2036 826 2104 Propter
841 2054 915 2104 quae

114 2128 201 2180 usque
212 2128 244 2163 eo
256 2113 364 2176 eviluit,
385 2119 416 2163 ut
425 2113 528 2178 passim
544 2126 576 2162 ac
586 2111 731 2180 propalam
743 2114 913 2180 contemptui
1011 2169 1012 2180 γ

116 2193 195 2238 esset.
234 2186 376 2238 Excusans
388 2187 499 2254 quidam
509 2191 621 2251 testem,
643 2189 658 2238 e‘
672 2188 815 2254 provincia
830 2188 866 2238 ab
878 2203 912 2239 eo

112 2267 252 2325 evocamur,
262 2263 373 2328 negavit
383 2268 492 2328 praesto
505 2277 563 2312 esse
573 2277 664 2329 posse,
677 2261 914 2320 dissimulatadiu

116 2351 212 2400 causa,
234 2352 266 2386 ac
276 2341 340 2402 post
349 2337 446 2403 longas
458 2337 564 2387 demum
575 2331 820 2403 interrogationes,
836 2335 913 2388 Mor·
1011 2353 1012 2368 ¹

116 2420 175 2462 tune
190 2420 241 2472 est,
261 2411 364 2479 inquit;
381 2420 464 2477 puto,
486 2409 568 2462 licuit.
609 2412 685 2462 Alius
699 2413 804 2479 gratias
815 2427 911 2479 agens,

116 2487 191 2552 qnod
201 2502 276 2537 reum
288 2483 397 2536 defendi
408 2490 554 2552 pateretur,
567 2487 681 2537 adiecit:
702 2485 742 2538 Et
751 2485 914 2556 tamenfieri
1011 2481 1012 2522 ἕ

115 2561 186 2611 solet.
202 2560 274 2612 lllnd
285 2575 394 2629 quoque
406 2576 422 2610 a
433 2561 584 2612 maioribus
594 2567 661 2612 natu
671 2561 825 2626 audiebam,
838 2563 911 2615 adeo

52 2669 64 2678 .
116 2635 272 2686 causidicos
281 2636 417 2701 patientia
427 2636 486 2687 eius
497 2635 596 2687 solitos
607 2636 692 2700 abuti,
703 2642 735 2688 ut
745 2637 912 2689 descenden-

115 2709 169 2756 tem
190 2724 203 2758 e
218 2709 351 2760 tribunali
364 2726 420 2762 non
433 2710 523 2764 solum
537 2725 605 2762 voce
624 2718 797 2775 revocarent,
818 2713 867 2764 sed
884 2720 913 2766 et

115 2776 217 2830 lacinia
226 2788 309 2848 togae
319 2789 433 2848 retenta,
443 2785 580 2838 interdum
590 2785 659 2852 pede
671 2783 850 2854 apprehenso,
863 2788 910 2840 de-
