2026 3020
236 236 494 286 ocrnvmnus.
532 239 741 286 cunzo-2⁹.
855 236 888 290 65

81 375 223 412 censurae
234 359 348 425 honore,
360 376 469 412 censum
480 367 571 414 tamen
581 363 679 430 populi
688 369 730 415 ter
740 365 810 431 egio
831 366 886 433 pri·

79 451 158 486 mum
173 451 209 486 ac
218 437 330 488 tertium
342 452 403 487 cum
414 437 530 504 collega,
542 437 662 490 medium
673 439 760 490 solus.

138 509 271 561 XXVlll.
291 511 334 562 De
353 511 494 562 reddenda
513 511 655 580 republica
674 514 718 564 bis
739 515 884 580 cogitavit:

76 587 173 653 primo
185 591 251 653 post
260 602 421 654 oppressum
433 587 527 638 statim
537 587 698 652 Antonium,
709 605 822 652 memor,
836 591 883 640 ob-

76 662 185 712 iectum
197 661 232 711 ab
244 676 278 713 eo
289 661 344 712 sibi
354 662 477 729 saepius,
489 663 570 730 quasi
580 662 727 730 peripsum
738 670 837 728 staret,
848 681 883 714 ne
906 710 909 718 ,

78 735 258 798 redderetur;
278 751 312 786 ac
326 751 422 786 uncus
436 737 529 788 taedio
546 738 691 789 diuturnae
701 739 881 790 valetudinis:

78 826 165 878 quum
180 810 265 861 etiam
280 811 488 878 magistratibus
504 827 536 861 ac
551 819 649 863 senatu
662 814 772 864 domum
784 815 881 866 accitis

77 885 266 938 rationalium
280 886 391 953 imperii
404 886 530 937 tradidit.
570 887 623 939 Sed
643 894 785 956 reputans,
807 895 879 940 etse

78 960 219 1027 privatum
230 976 285 1012 non
296 961 355 1012 sine
365 961 489 1028 periculo
500 961 569 1025 fore,
582 967 608 1011 et
617 962 695 1013 illam
706 964 824 1030 plurium
836 980 879 1014 ar-

78 1035 164 1086 bitrio
181 1040 284 1088 temere
299 1036 448 1100 committi,
468 1036 499 1086 in
518 1036 661 1086 retinenda
681 1039 878 1103 perseveravit:

78 1109 208 1174 dublum,
230 1116 328 1162 eventu
337 1111 465 1174 meliore,
486 1125 522 1160 au
535 1109 686 1160 voluntate.
726 1110 816 1171 Quem
830 1128 877 1162 vo·

78 1184 215 1236 luntatem
235 1201 319 1252 quum
338 1201 405 1253 prae
425 1201 455 1236 se
473 1185 623 1238 identidem
638 1185 734 1249 ferret,
757 1186 877 1254 quodam

77 1260 162 1310 etiam
173 1259 266 1312 edicto
278 1259 321 1312 his
330 1261 422 1311 verbis
431 1265 549 1312 testatus
564 1265 619 1312 est:
639 1258 684 1310 Ita
697 1261 765 1312 mili
778 1262 876 1312 caleam

77 1351 109 1385 oc
118 1334 244 1401 sospitem
253 1334 438 1402 rempublicam
448 1334 539 1386 sistere
549 1334 578 1386 in
587 1351 636 1386 tua
650 1337 709 1386 sede
723 1336 812 1399 liceat,
835 1345 876 1390 at-

78 1425 126 1474 que
136 1408 194 1462 eius
205 1409 246 1460 rei
252 1409 377 1480 fructum
387 1409 537 1477 percipere,
559 1426 635 1476 quem
644 1420 719 1478 peto,
740 1423 771 1464 ut
786 1412 879 1479 optioni

79 1493 165 1536 statur
175 1494 270 1536 auctor
281 1484 370 1536 dicar.-
390 1493 417 1536 et
425 1483 538 1536 moriens
548 1484 676 1555 utferam
686 1503 785 1538 meeum
796 1504 874 1554 aperte,

77 1575 204 1611 motura
214 1559 363 1628 {evestigio
377 1560 607 1630 suofuodameota
617 1560 788 1626 renaudi-icae,
810 1578 876 1627 quoe

77 1633 171 1686 iecere
212 1634 343 1702 Fecitque
353 1636 412 1702 ipse
423 1651 452 1686 se
463 1641 618 1702 compotem
629 1637 700 1698 voti,
712 1636 789 1686 nisus
801 1637 876 1686 omni

78 1710 175 1772 modo,
196 1725 322 1777 nequem
332 1711 398 1761 novi
408 1715 496 1764 status
507 1711 669 1778 poeniteret.
708 1711 817 1775 Urbem,
829 1727 873 1764 ne-

78 1800 129 1851 que
139 1791 192 1852 pro
203 1785 347 1836 maiestate
361 1785 472 1853 imperii
486 1791 625 1848 ornatam,
645 1791 673 1837 et
686 1787 874 1837 inundationi-

77 1859 128 1908 bus
140 1858 332 1927 incendiisque
347 1860 510 1922 obnoxiam,
530 1859 652 1911 excoluit
666 1860 748 1923 adeo,
768 1867 800 1910 ut
813 1862 873 1911 iure

78 1934 113 1983 eit
122 1933 271 2000 gloriatin,
281 1949 463 1986 marmoream
474 1950 502 1984 se
513 1933 676 2001 relinquere,
688 1950 769 2000 quam
780 1935 873 1986 lateri-

78 2009 147 2058 ciam
164 2009 325 2076 accepisset.
363 2010 465 2059 Tutam
482 2022 562 2072 vero,
583 2013 715 2075 quantum
733 2009 873 2075 provideri

78 2080 198 2134 humana
208 2084 316 2135 ratione
326 2083 429 2152 potuit,
441 2083 523 2134 etiam
535 2083 563 2132 in
574 2087 714 2150 posterum
725 2084 872 2150 praestitit.

132 2157 235 2210 XXIX.
256 2157 372 2210 Publica
382 2174 466 2227 opera
476 2157 596 2227 plurima
606 2159 753 2210 exstmxit:
769 2174 802 2210 ex
814 2160 872 2228 qui-

78 2233 128 2283 bus
138 2233 303 2300 praecipua,
317 2231 408 2285 forum
420 2249 480 2284 cum
491 2233 558 2286 aede
567 2233 667 2286 Martis
677 2235 795 2299 Ultoris,
806 2241 872 2286 tem-

78 2305 151 2374 plum
165 2307 303 2376 Apollinis
317 2309 347 2360 in
361 2307 484 2373 Palatio,
505 2309 600 2361 aedem
614 2310 750 2362 Tonantis
759 2310 833 2360 lovis
844 2311 871 2358 in

80 2382 229 2450 Capitolio.
268 2382 337 2434 Fori
350 2384 508 2436 exstruendi
523 2400 607 2436 causa
621 2384 676 2436 fuit
690 2383 829 2437 hominum
846 2389 873 2432 ct

78 2457 244 2510 iudiciorum
255 2458 411 2522 multitudo,
423 2473 494 2526 quae
503 2459 660 2523 videbatur,
671 2475 727 2511 non
737 2457 871 2509 sufficicn-

76 2532 149 2587 tibus
169 2533 293 2596 duobus,
314 2534 397 2586 etiam
416 2534 499 2584 tertio
513 2535 646 2604 indigere.
684 2534 781 2599 ltaque
795 2530 870 2580 festi-

76 2609 200 2672 nantius,
220 2607 335 2660 necdum
349 2606 472 2676 perlecta
485 2607 586 2660 Martis
601 2607 680 2670 aede,
700 2605 869 2673 publicatum

77 2689 117 2734 est
117 2688 312 2750 ‚cautumque
322 2689 354 2735 ut
364 2682 531 2750 separatim'
522 2699 552 2734 111
563 2698 596 2734 eo
607 2680 719 2750 publica
728 2679 833 2730 iudicia
844 2683 910 2735 et

77 2759 238 2810 sortitiones
248 2757 370 2810 iudicum
381 2758 486 2810 fierent.
515 2755 616 2808 Aedem
627 2755 713 2805 Marti
723 2753 795 2806 bello
807 2751 870 2804 Phi

109 2852 255 2898 sunnon.
642 2847 669 2892 Ε

857 2953 869 2978 l
