2036 3022
343 243 455 311 nuno.
492 259 570 308 enu-
588 245 703 308 4r·-³4u
875 243 925 313 ni

122 382 220 452 litum,
242 389 271 439 et
283 383 338 438 sibi
351 385 468 448 ¹adversa
483 393 510 440 et
525 385 631 439 Galbae
645 401 780 456 prospera
801 388 924 444 ominan-

122 463 209 524 tlum3
230 462 357 514 etiamen
369 463 460 515 obviis
468 463 622 516 viatoribus
634 463 772 532 quendam
781 461 924 528 dicentem,

124 534 167 590 Hi
180 535 311 589 Neronem
320 547 532 606 persequentum
553 537 638 590 alium
652 535 849 603 sciscitantem,
870 537 924 590 Ee-

125 611 228 682 qoidin
241 611 311 664 Urbe
320 612 380 664 noee'
389 612 420 664 de
431 611 551 666 Nerone?
582 611 663 682 Equo
676 619 766 665 autem
779 613 865 666 odore
876 613 923 664 ab·

122 687 192 740 ieeti
201 687 229 738 in
240 689 440 750 viaeadaveris
451 695 636 754 consternato,
647 690 754 742 detecta
763 687 836 740 faeie
847 690 924 756 agni·

122 771 170 824 tus
181 769 223 814 est
234 777 249 813 a
260 762 380 830 quodam
391 764 513 814 missicio
525 766 703 832 praetoriano
710 804 718 832 ,
738 770 766 816 et
776 765 922 814 salutatus.

122 839 162 890 Ut
172 837 208 888 ud
219 837 415 901 deverticulum
423 844 535 890 uentum
546 843 600 903 est,
622 840 743 890 dimissis
759 841 838 909 equis
851 841 924 890 iuter

121 911 255 966 fruticeta
275 927 308 964 ac
324 927 433 982 vepres,
453 927 504 980 per
519 913 676 966 arundineti
690 915 815 966 semitam
832 906 922 982 aegre,

122 997 175 1042 nec
185 987 240 1040 uisi
250 984 399 1040 strata'sub
409 989 526 1058 pedibus
541 991 629 1052 veste,
651 989 687 1040 ad
701 1003 825 1040 aversum
839 990 924 1040 villae

122 1065 258 1132 parietem
280 1063 377 1115 erasit.
415 1064 458 1114 lbi
477 1061 605 1115 hortante
625 1063 722 1114 eodem
736 1060 873 1127 Phaonte,
894 1069 926 1114 ut

121 1138 233 1192 iuterim
245 1139 272 1189 in
285 1153 395 1206 specum
407 1145 516 1206 egestae
530 1149 631 1190 menae
648 1137 822 1202 concederet,
842 1151 924 1205 nega-

120 1209 176 1279 uit,
197 1229 224 1264 se
237 1212 322 1264 cirum
337 1213 383 1264 orci
399 1222 498 1265 terrum
513 1213 628 1266 ιἰιιιιιιιιι
649 1229 682 1265 ac
694 1225 842 1281 parumper
853 1227 922 1264 eom-

121 1296 262 1354 moratns,
278 1288 342 1339 dhm
354 1289 539 1348 clandestinus
551 1289 586 1339 ad
596 1289 692 1340 villam
702 1288 834 1339 introitus
844 1303 924 1356 para-

120 1371 212 1433 retur,
235 1378 335 1432 aquam
351 1379 389 1416 ‘ex
410 1365 535 1424 sublecta
555 1363 656 1424 lactura
673 1369 822 1432 potatums
841 1377 925 1415 manu

120 1440 229 1504 hausit,
241 1445 280 1504 ct,
296 1437 372 1492 Haec
383 1440 549 1510 eet,‘inquit,
562 1437 675 1490 Neronis
686 1437 801 1491 decoctu.
841 1437 923 1503 Dein,

120 1515 234 1584 divulsa
247 1513 369 1566 sentibus
389 1515 521 1583 paenula,
541 1515 675 1567 traiectos
696 1513 822 1566 surculos
840 1513 923 1566 rasit:

121 1597 206 1660 atque
215 1592 257 1642 ita
272 1589 492 1659 quadrupesper
506 1591 648 1658 angustias
660 1589 778 1648 effossae
790 1601 923 1640 cavernae
1015 1619 1016 1622 =

120 1671 250 1734 receptus
260 1667 289 1716 iu
299 1667 454 1732 proximam
466 1666 572 1734 cellam,
580 1666 710 1718 decubuit
719 1674 802 1733 super
811 1665 921 1728 lectum,

119 1736 235 1795 medica
245 1739 356 1805 culcita,
367 1747 458 1793 vetere
468 1741 555 1808 pallio
568 1747 655 1794 strato
667 1742 839 1792 instructum.
868 1740 922 1790 Fa-

120 1826 220 1884 meque
238 1817 349 1868 interim
370 1823 398 1867 et
412 1811 460 1866 siti
472 1815 677 1884 interpellante,
698 1828 796 1882 panem
812 1815 925 1889 quidem

120 1889 267 1945 sordidum
278 1891 401 1944 oblatum
413 1897 575 1960 aspernatus
586 1896 640 1956 est,
653 1905 741 1958 aquae
752 1895 843 1942 autem
853 1891 922 1957 tepi-

122 1967 175 2024 dae
186 1967 359 2035 aliquantum
368 1967 449 2019 bibit.

176 2039 279 2100 XLIX.
299 2043 379 2094 Time
392 2055 561 2112 unoquoque
575 2039 640 2092 hinc
657 2039 722 2092 inde
736 2039 870 2105 instante,
891 2046 923 2091 ut

121 2131 205 2188 quam
216 2119 334 2187 primum
344 2133 373 2170 se
383 2117 604 2185 impendentibus
616 2113 789 2169 contumeliis
794 2117 920 2184 eriperet,

121 2192 248 2246 serohem
260 2207 353 2246 corum
364 2193 425 2245 lieri
434 2193 590 2262 imperavit,
598 2193 737 2244 dimensus
748 2191 784 2244 ad
795 2192 921 2260 corporis

120 2271 165 2321 cul
175 2269 331 2322 modulum:
352 2271 534 2338 componique
545 2269 641 2332 simul,
663 2267 687 2320 sl
703 2267 921 2338 quainveniren-

119 2352 177 2408 tur,
197 2343 287 2396 inusta
298 2345 456 2407 marmoris,
477 2351 504 2396 et
519 2357 620 2413 aquam
634 2343 716 2394 simul
727 2358 760 2394 ae
769 2343 846 2410 ligna
857 2357 921 2394 con·
941 2344 943 2356 ’

119 2419 200 2483 ferri,
213 2418 334 2470 ernaudo
346 2433 410 2470 mox
423 2419 563 2482 cadaveri,
576 2417 647 2470 'flens
659 2416 694 2469 ad
705 2417 826 2484 singula,
839 2423 921 2488 atque

118 2493 273 2547 identidem
293 2493 436 2545 dictitans·
470 2491 562 2557 Quub'n
587 2491 689 2564 artifex
709 2492 805 2558 pereo!
847 2491 922 2546 luter

120 2571 217 2630 murus
225 2569 349 2638 perlatus¹
365 2585 381 2620 a
393 2581 504 2620 cursore
515 2565 650 2620 Phanotis
660 2565 810 2622 codicillos
807 2567 922 2647 praeri-

118 2645 195 2713 pluit,
201 2637 336 2712 legitque,
341 2655 369 2694 ιι
380 2643 479 2696 bostem
490 2651 507 2692 o
517 2643 611 2694 uenatu
621 2639 775 2704 iudicatum,
783 2645 811 2693 et
819 2634 923 2709 quatit,

118 2730 151 2772 ut
160 2719 293 2788 puniatur
311 2727 397 2770 more·
403 2713 549 2770 ιιιιιὶὁιιιιιι.
570 2711 819 2792 interrogauitque,
835 2719 924 2812 quale
1015 2735 1016 2740 ¹

119 2786 200 2850 ene
202 2792 232 2845 id
242 2797 333 2866 genoe
338 2806 465 2862 poenae
486 2791 547 2846 Et
544 2793 628 2864 ιιιιιιιι
633 2778 841 2862 comperisset,
853 2793 919 2849 hosv

668 2887 689 2934 Β
699 2887 714 2932 2
