2050 3034
100 215 149 264 102
375 213 403 256 C.
430 209 626 257 SUETONll

100 353 151 405 pro
165 335 302 399 remedio,
324 340 406 403 atque
422 334 457 385 ad
473 347 580 384 omnem
594 331 711 382 maioris
729 329 907 397 tempestatis
1008 345 1009 386 5

100 411 285 479 suspicionem
299 411 329 460 in
344 408 467 459 abditum
483 413 511 458 et
525 410 747 458 concameratum
765 405 858 455 locum
874 419 907 454 se
1008 407 1009 412 ’

100 487 244 554 reciperet,
252 478 444 536 consternatus
456 481 522 534 olim
532 479 906 549 pernocturnumitertrans-

99 577 182 612 cursu
192 559 318 626 fulguris,
330 564 455 624 utsupra
466 557 595 607 diximus.

155 634 227 685 xc1.
238 633 363 684 'Somnia
372 646 461 700 neque
472 646 536 695 sua,
550 645 639 698 neque
651 628 742 680 aliena
753 627 786 679 de
797 643 840 692 se,
854 642 904 678 ne-

98 710 230 776 gbgebat.
270 705 443 774 Philippensi
457 705 517 757 acie
537 704 662 773 quamvis
681 703 825 755 statuisset
843 718 904 754 non

99 783 194 851 egredi
203 782 385 832 tabernaculo
396 786 511 848 propter
519 779 715 843 valetudinem,
722 792 847 844 egressus
859 784 907 828 est

98 865 199 920 tamen,
212 856 296 907 amici
307 856 416 906 somnio
427 855 563 916 monitus;
585 855 721 922 cessitque
731 867 775 904 res
785 867 902 918 prospe-

96 949 140 995 re,
162 931 273 999 quaudo
286 931 375 999 captis
386 930 485 982 castus
494 929 595 980 lectica
609 929 681 992 eius,
703 927 785 996 quasi
797 927 840 977 ibi
855 942 902 978 cu·

96 1009 165 1058 bans
175 1005 366 1070 remansisset,
387 1019 524 1058 concrum
536 1001 659 1055 bostium
675 1001 805 1054 confossa
816 1007 902 1070 atque

96 1083 220 1133 lacerata
230 1088 280 1133 est.
319 1080 381 1148 lpse
391 1095 531 1147 peremne
541 1078 718 1147 verplurima
728 1076 901 1128 etformido-

96 1157 239 1208 losissima
249 1163 276 1206 et
289 1169 362 1205 vana
375 1161 403 1206 et
415 1155 497 1206 irrita
510 1153 636 1215 videbam
656 1151 764 1220 reliquo
774 1157 902 1218 ternpore

96 1232 207 1283 rariora
217 1236 245 1282 et
255 1229 345 1280 minus
354 1243 436 1280 vana.
478 1227 568 1288 Quum
579 1226 735 1278 dedicatam
745 1228 775 1277 in
786 1226 902 1294 Capito-

96 1307 136 1356 lio
148 1305 372 1358 aedem'l'ouanti
382 1303 444 1356 lovi
453 1302 564 1354 assidue
575 1300 770 1370 frequentaret,
777 1301 901 1352 somnia-

95 1381 148 1443 vit,
171 1379 251 1448 queri
261 1377 449 1446 Capitolinum
459 1377 566 1442 Iovem,
588 1377 708 1430 cultores
719 1377 774 1428 sibi
785 1375 902 1438 abduci3

96 1469 181 1521 seque
190 1453 379 1521 respondisse,
391 1453 547 1504 Tonantem
557 1467 608 1519 pro
619 1452 740 1502 ianitore
750 1452 778 1502 ei
788 1451 902 1518 apposi-

95 1536 167 1580 tum:
187 1529 308 1597 ideoque
323 1541 389 1580 mox
402 1525 597 1578 tintinnabulis
612 1525 756 1593 fastigium
771 1525 849 1577 aedis
858 1540 902 1576 re-

96 1603 219 1668 dimivit,
242 1603 317 1671 quod
331 1619 366 1654 ea
378 1601 436 1653 iere
450 1601 543 1652 ianuis
559 1600 757 1669 dependebant.
796 1600 840 1651 Ex
850 1615 901 1652 no-

96 1685 193 1730 cturno
209 1679 272 1728 visu
286 1677 370 1728 etiam
384 1676 484 1742 stipem
499 1677 647 1745 quotannis
663 1676 707 1728 die
723 1682 797 1727 certo
810 1691 900 1726 emen-

96 1752 210 1803 dicabat
220 1766 237 1802 a
247 1750 361 1818 populo,
374 1765 470 1802 cavam
480 1766 592 1802 manum
604 1767 679 1802 asses
690 1750 900 1818 porrigentibus

95 1827 240 1896 praebens.

152 1901 237 1953 XCII.
257 1901 391 1969 Auspicia
405 1906 433 1952 et
447 1901 541 1952 omina
556 1901 691 1969 quaedam
705 1916 756 1968 pro
779 1900 901 1952 certissi-

95 1978 148 2028 mis
160 1977 338 2030 observabat:
359 1976 385 2028 si
398 1991 479 2030 mane
494 1976 550 2028 sibi
564 1976 673 2028 calceus
687 1990 845 2043 perperam,
868 1982 903 2026 ac‘

97 2051 209 2105 sinister
219 2069 270 2120 pro
282 2053 405 2116 dextero,
416 2051 601 2114 induceretur,
611 2057 644 2102 ut
654 2050 757 2102 dirum:
779 2051 814 2115 sl,
824 2055 901 2102 terra

96 2127 202 2177 marive
226 2127 398 2193 ingrediente
423 2141 452 2177 se
478 2124 660 2193 longinquam
688 2125 900 2194 profectionem,

98 2199 172 2250 iorte
182 2207 351 2264 rorasset,ut
361 2201 474 2264 laetum,
484 2201 641 2270 maturique
652 2207 680 2252 et
688 2201 820 2270 prosperi
829 2200 902 2252 redi·

96 2281 151 2325 tus.
187 2273 240 2326 Sed
252 2278 280 2325 et
290 2275 406 2326 ostentis
417 2275 565 2343 praecipue
576 2277 748 2328 movebatur,
781 2273 900 2326 Enatam

96 2350 169 2402 inter
181 2350 326 2401 iuncturas
340 2349 465 2418 lapidum
480 2356 544 2402 ante
560 2350 671 2402 domum
686 2366 765 2402 suam
780 2350 901 2419 palmam

97 2425 127 2475 in
142 2425 328 2494 compluvium
349 2425 464 2479 deorum
477 2424 623 2478 Penatium
640 2425 796 2490 transtulit,
817 2431 901 2492 utque

97 2499 278 2565 coalesceret,
299 2516 400 2570 magno
423 2515 505 2569 opere
526 2501 641 2554 curavit.
680 2500 761 2569 Apud
779 2499 899 2552 insulam

97 2573 232 2641 Capreas,
252 2577 417 2628 veterrimae
435 2575 510 2626 ilicis
526 2576 661 2628 demissos
674 2576 733 2626 iam
748 2575 784 2626 ad
799 2580 899 2628 terram

96 2645 312 2721 languentesque
322 2666 417 2706 ramos
428 2652 603 2704 convaluisse
614 2651 734 2702 adventu
748 2665 813 2714 suo,
830 2650 899 2712 adeo

98 2722 215 2775 laetatus
230 2733 284 2790 est,
305 2734 337 2779 ut
351 2743 398 2780 eas
413 2743 475 2778 cum
492 2727 636 2794 republica
650 2725 899 2793 Neapolitanorum
