2044 3028
297 268 389 325 mnu
408 272 607 327 aurdanu.
800 270 848 333 363

90 401 153 455 Selia
164 400 259 454 allatis
269 401 344 454 re'haa
354 401 391 453 ad
398 419 525 456 rumenam
535 403 651 472 inopiam
661 402 782 459 redderes
793 415 839 458 ert.

89 477 186 546 ltaque
201 494 214 529 e
229 485 367 546 conspecta
382 477 497 531 dmniam
511 479 579 531 abiit
594 479 734 533 Grae'ciam
753 480 782 533 in
797 489 849 533 ter·
900 529 905 538 .
930 531 933 538 Α

549 571 608 606 ram
619 554 737 608 dirimam
747 573 756 606 .·

88 625 214 681 Mdrtaar
225 637 264 680 eet
273 626 300 681 in
312 627 462 698 Stymphala
473 627 605 683 Arcadiae
616 623 708 700 cippido
719 650 728 682 .·
746 629 786 683 ml
795 629 849 682 Pa-

547 705 612 758 lline
668 715 681 760 ’.

89 777 180 847 Scipio
190 777 231 830 illi
237 777 354 851 prdfait,
366 778 406 830 nil
413 777 532 843 Laeliae,
544 781 584 832 ail
590 780 698 845 Fdriar,

92 852 159 906 Tre'r
164 870 215 922 per
224 852 254 904 id
263 853 362 922 templa
373 853 420 919 qai
428 854 571 924 agitabant
579 856 820 926 adhilersacr'llame
831 874 839 905 :

92 929 193 981 Eorum
203 927 246 980 ille
255 945 334 996 opera
344 928 376 980 nl
386 929 489 982 damam
499 929 601 998 quidem
611 930 704 983 habea
715 930 848 984 conducti·

546 1005 624 1069 dam,

90 1077 191 1132 Sdltem
201 1087 232 1131 ut
241 1086 313 1142 erret,
326 1077 378 1145 aad
387 1077 501 1150 referret
511 1079 609 1132 alitam
620 1079 720 1134 domiai
728 1079 847 1132 re'raalar.

106 1153 142 1206 11.
153 1153 271 1220 Scripsit
281 1153 439 1206 comoedias
450 1169 505 1218 sex,
517 1171 549 1207 ex
561 1156 661 1224 quibus
671 1156 786 1222 primam
796 1155 848 1204 An-

50 1230 141 1282 driam
154 1244 236 1297 qutun
248 1227 385 1280 aedilibus
395 1228 482 1294 daret,
493 1230 584 1282 iussus
596 1237 659 1283 ante
670 1230 769 1283 Caerio
781 1230 848 1281 reci-

49 1313 119 1369 tare,
132 1303 169 1354 ad
180 1308 340 1356 coenantem
351 1319 434 1372 quum
444 1305 575 1369 venisset,
588 1306 677 1357 dictus
688 1310 730 1358 est
739 1305 848 1356 initium

49 1379 162 1448 quidem
172 1376 292 1444 fabulae,
303 1379 376 1446 quod
387 1383 447 1430 erat
458 1381 655 1447 contemptiore
665 1380 774 1444 vestitu,
785 1380 849 1431 sub·

49 1455 132 1507 sellio
147 1454 227 1505 iuxta
239 1452 370 1505 lectulum
385 1452 507 1505 residens
522 1453 640 1522 legisse5
664 1461 729 1521 post
744 1469 848 1522 paucos

48 1546 116 1582 vero
131 1545 229 1581 versus
243 1528 389 1592 inritatus,
404 1535 436 1581 ut
446 1530 630 1596 accumberet,
644 1545 774 1582 coenasse
784 1545 848 1592 una,

49 1605 152 1658 deinde
163 1610 254 1656 cetera
264 1605 443 1670 percurrisse,
454 1620 510 1657 non
520 1606 578 1656 sine
589 1621 689 1674 magua
700 1605 791 1657 Caerii
802 1605 849 1654 ad-

49 1681 209 1733 miratione.
248 1678 284 1730 Et
299 1676 370 1730 hanc
384 1685 474 1730 numm
488 1686 516 1732 et
531 1681 651 1751 quinque
665 1681 786 1748 reliquas
805 1696 849 1730 ae-

49 1756 172 1824 qualiter
195 1753 298 1823 populo
323 1753 468 1821 probavit;
502 1757 626 1823 quamvis
646 1755 791 1808 Volcatius
816 1755 849 1806 dc

48 1830 256 1884 enumeratione
268 1828 388 1880 omnium
398 1829 439 1878 ita
449 1829 552 1880 scribat
562 1848 569 1880 :

88 1904 214 1957 Same‘tar
224 1903 331 1972 Hecyra
342 1902 415 1955 re'xta
426 1919 458 1954 ex
467 1901 620 1973 hirfdhala.

49 1978 201 2033 Eunuchus
222 1979 332 2047 quidem
350 1979 394 2030 bis
415 1978 459 2029 die
474 1985 537 2030 acta
551 1989 605 2044 est,
623 1979 774 2046 memitque
790 1995 848 2046 pre·
881 2027 883 2038 ,

49 2059 135 2121 tium,
152 2059 283 2124 qnantum
293 2053 370 2104 nulla
381 2058 462 2105 antea
472 2053 634 2121 cuiusquam
645 2054 802 2119 comoedia,
819 2055 848 2104 id

48 2139 106 2197 est,
118 2135 184 2182 octo
196 2129 273 2182 milia
287 2128 424 2181 nammiuu
436 2147 443 2180 ε
464 2136 610 2196 propterea
624 2145 730 2180 sunrma
740 2145 849 2198 quoque

48 2207 135 2260 titulo
162 2205 337 2257 adscribitur.
385 2203 455 2255 Nam
475 2203 660 2272 Adelphorum
685 2205 847 2273 principium

49 2283 143 2336 Varro
156 2281 238 2334 etiam
249 2277 369 2348 praefert
378 2279 515 2347 principio
526 2279 680 2332 Menandri.

109 2356 174 2409 Non
194 2356 313 2408 obscura
331 2353 407 2404 lama
426 2361 478 2419 est,
501 2356 625 2407 adiutum
643 2356 800 2407 Terentium
820 2356 848 2406 in

50 2431 165 2499 scriptis
177 2446 194 2481 a
203 2429 301 2481 Laelio
313 2433 341 2480 et
351 2427 491 2495 Scipione,
503 2432 665 2499 quibuscum
674 2429 849 2482 familiariter
868 2456 871 2464 v

51 2508 131 2562 vixit.
170 2505 292 2557 Eandem
306 2503 365 2572 lpse
380 2505 473 2556 auxit:
494 2522 640 2574 numquam
652 2507 737 2570 enim,
748 2506 802 2556 nisi
812 2506 849 2557 le-

54 2585 134 2647 viter,
146 2596 174 2633 se
184 2581 271 2632 tutari
282 2585 396 2632 conatur
408 2595 414 2642 ;
434 2586 465 2630 ut
479 2581 507 2632 in
517 2581 634 2649 prologo
645 2577 849 2648 Adelphorum:

91 2655 163 2710 Nam
173 2655 244 2723 pald
251 2655 299 2708 itti
307 2654 398 2708 dicant
407 2652 536 2722 mdleaali,
547 2655 663 2709 homines
672 2655 766 2708 allilia

92 2731 172 2784 Hanc
181 2729 316 2793 addictam,
328 2729 481 2796 areidaepae
490 2747 544 2783 aaa
554 2731 666 2784 scrihere
677 2749 686 2782 .·

95 2806 174 2873 Qaad
181 2805 222 2860 iat
230 2805 395 2860 maledictam
405 2805 537 2860 oe‘hemene
548 2823 601 2860 erre
612 2807 781 2872 existumant,

900 2935 1016 3002 *l
