2036 3022
156 207 207 257 22⁰
431 205 459 249 G.
487 201 673 251 SUETONII

212 327 364 384 XXXVIII.
384 327 445 380 Irae
461 332 542 396 atque
559 327 721 379 Iracundiae
740 327 874 382 conscius
895 330 960 395 sibi,
1003 335 1004 346 *

156 412 301 474 utramque
312 405 453 457 excusauit
463 403 568 466 edicto,
590 403 785 470 distinxitque,
798 404 959 470 pollicitus,

158 484 269 534 alteram
280 479 383 547 quidem
395 479 495 531 brevem
506 487 533 530 ct
541 476 685 540 incoctam,
698 479 811 529 alteram
822 495 879 531 non
888 479 958 531 iniu-

157 556 302 628 stamsorc.
344 554 530 618 Ostiensibus,
547 553 612 620 quia
623 553 677 603 sibi
687 553 818 604 subeunti
828 555 955 606 Tiberim

157 631 273 700 scaphas
285 629 395 682 obviam
405 645 460 680 non
471 629 606 692 miserunt,
617 627 739 694 graviter
749 629 900 696 correptis,
912 645 955 681 ea-

157 722 209 774 que
220 721 281 756 cum
291 703 408 767 invidis,
423 708 455 754 ut
463 702 492 754 in
503 701 655 754 ordinemne
666 705 955 756 coactumconscribc-

156 786 210 844 ret,
231 785 341 847 repense
355 783 460 830 tantum
474 793 531 830 non
540 776 737 830 safisfacientis
746 778 833 830 modo
844 781 954 831 veniam

157 855 240 906 dedit.
282 852 435 917 Quosdam,
455 854 484 904 in
499 852 611 922 publico
627 854 898 921 parumtempcstive
910 854 955 906 ad-

156 935 263 993 euntes,
283 943 367 980 manu
381 944 432 979 sua
450 927 560 995 repulit.
598 925 665 979 Item
683 926 802 978 scribam
824 935 953 997 quaesto-

156 1005 240 1068 rium,
255 1005 374 1071 itemque
385 1009 515 1070 praetura
525 1001 649 1054 functum
659 1006 827 1066 senatorem,
844 1003 953 1072 inaudi-

155 1086 200 1131 tos
211 1085 238 1132 et
246 1079 388 1143 innoxios,
409 1078 555 1144 relegavit,
576 1076 651 1144 qnod
660 1075 708 1128 illc
719 1077 851 1128 adversus
862 1079 952 1146 priva-

154 1161 213 1206 tum
223 1171 253 1206 sc
262 1153 489 1220 intemperantius
499 1151 637 1215 affuisset,
658 1149 703 1203 hic
716 1152 745 1202 in
757 1151 904 1206 aedilitate
913 1155 952 1204 in-

157 1229 277 1297 quilinos
291 1228 467 1296 praediorum
482 1241 608 1291 snorum,
630 1231 727 1278 contm
740 1227 856 1280 vetitum
873 1235 952 1280 cocta

154 1304 310 1368 vendentes,
316 1303 467 1368 multasset,
478 1301 655 1368 villicumquc
665 1301 894 1355 interuenientem
904 1303 950 1355 lla·

155 1379 293 1445 gellasset.
334 1379 395 1440 Qua
410 1378 443 1430 de
458 1393 542 1429 causa
556 1377 640 1430 etism
655 1377 852 1430 coercitionem
872 1381 950 1448 popi-

155 1469 253 1504 narum
270 1453 406 1505 aedilibus
422 1452 533 1504 ademit.
572 1453 611 1504 Ac
628 1467 662 1504 ne
677 1452 826 1504 stultitiam
840 1453 951 1522 quidem

155 1543 233 1580 suam
248 1529 372 1592 reticuit,
393 1527 604 1594 simulatamque
619 1542 636 1578 a
651 1541 680 1580 se
694 1541 729 1579 ex
742 1527 883 1580 industria
902 1531 950 1580 sub

156 1603 237 1668 Gaio,
254 1603 329 1669 quod
339 1602 421 1655 aliter
430 1617 561 1653 evasimus
570 1607 802 1671 pervenustusque
812 1603 850 1654 ad
860 1617 951 1656 susce·

155 1684 230 1745 ptam
241 1678 387 1728 stationem
402 1693 458 1728 uon
472 1675 568 1742 luerit,
590 1677 754 1745 quibusdam
768 1679 951 1730 oratiunculis

153 1756 270 1802 testatus
282 1757 331 1804 est.
365 1751 391 1802 N
392 1768 423 1804 cc
433 1757 524 1804 tamen
534 1753 680 1819 persuasit,
692 1768 775 1821 quum
784 1753 860 1804 intra
870 1754 951 1806 breve

153 1832 260 1894 tempus
271 1826 341 1878 liber
351 1827 440 1879 editus
451 1827 496 1893 sit,
507 1828 551 1879 cui
561 1827 644 1878 index
654 1833 722 1892 erat,
733 1827 825 1894 μωρῶν
835 1823 950 1878 ἀνάστα-

155 1915 200 1968 σις,
213 1907 400 1970 argumentum
412 1901 663 1966 conmeantum
673 1901 924 1972 neminemfingerc.

210 1977 339 2029 XXXIX.
359 1977 434 2030 Inter
448 1982 538 2030 cetera
552 1979 582 2028 iu
596 1991 630 2028 eo
644 1977 738 2028 mirati
752 1982 815 2027 sunt
825 1973 951 2030 homines

154 2057 182 2103 et
197 2052 365 2105 oblivionem
379 2059 406 2104 et
424 2051 698 2114 inconsiderantiam,
719 2051 775 2115 vel,
796 2056 827 2102 ut
846 2049 951 2104 Graece

154 2128 258 2191 dicam,
278 2125 421 2192 sescuplae
440 2133 468 2177 et
486 2121 623 2185 ἀβλεψὶαν.
660 2126 765 2186 0111111,
777 2125 950 2190 Messallina,

154 2201 249 2268 paullo
260 2207 326 2269 post
340 2216 421 2268 quam
437 2202 466 2251 in
481 2199 604 2253 triclinio
619 2200 761 2263 decubuit,
782 2216 831 2251 cur
845 2201 951 2254 densim

153 2293 206 2326 noo
220 2274 332 2338 veniret,
353 2275 506 2345 requisim't.
545 2275 649 2327 Multos
665 2275 757 2338 exiis,
779 2290 849 2342 quos
861 2277 950 2345 capite

154 2350 339 2415 damnaverat,
351 2357 463 2418 postero
475 2349 567 2401 statim
579 2351 623 2402 die
635 2356 661 2402 ct
670 2350 700 2401 ln
710 2349 867 2402 convivium
878 2357 906 2402 et
916 2351 949 2401 ad

154 2425 231 2478 aleae
242 2426 331 2476 lusum
343 2426 485 2478 admoveri
497 2425 579 2476 iussit
583 2463 590 2489 ,
612 2432 650 2489 ct,
672 2425 753 2492 quasi
765 2430 949 2490 morarentur,

154 2506 185 2550 ut
198 2501 402 2553 somniculosos
417 2515 467 2569 per
480 2501 610 2552 nuncium
624 2499 768 2567 increpuit.
807 2495 948 2552 Ductnius

154 2582 251 2626 contra
269 2575 313 2627 ias
327 2577 506 2644 Agrippinam
524 2589 651 2640 uxorem,
671 2589 727 2626 non
741 2575 862 2626 cessavit
876 2575 950 2626 omni

154 2650 386 2720 orationeflls'am,
407 2657 435 2703 et
444 2652 589 2713 alumnam,
610 2657 638 2702 ct
650 2651 679 2700 in
687 2647 789 2718 gressio
800 2664 849 2700 suo
859 2658 949 2702 natam

153 2728 232 2788 utque
243 2724 379 2778 educatam
389 2727 559 2796 praedicare.
598 2726 739 2777 Asciturus
754 2725 782 2775 in
797 2737 901 2780 nomen
910 2724 947 2781 fa.
