2050 3034
143 194 192 244 128
423 197 448 242 C.
473 195 656 242 SUETON11

143 324 248 381 senatu,
259 315 446 385 inchoataque
457 317 638 380 allocutione,
651 316 795 384 derepente
806 315 883 367 velut
893 317 949 367 im-

143 408 193 460 par
204 391 298 443 dolori
309 393 473 458 congemuit,
484 398 568 458 utque
578 405 634 442 non
645 391 735 442 solum
745 405 809 454 vox,
816 391 864 442 sed
874 398 908 440 ut
919 398 948 442 et

143 468 257 535 spiritus
274 467 414 530 deficeret,
436 467 555 532 optavit,
577 482 610 516 ac
624 465 819 532 perlegendum
839 464 946 516 librum

142 541 234 593 Druso
250 541 308 592 filio
323 541 447 591 tradidit.
486 541 596 592 lllatum
612 539 710 590 deinde
725 539 842 606 Augusti
856 545 943 590 testa-

141 623 274 679 mentum,
295 631 351 666 non
372 615 501 666 admissis
521 615 710 682 signatoribus
729 614 784 664 nisi
804 615 944 665 senatorii

142 690 260 753 ordinis,
283 689 379 740 ceteris
395 695 473 739 extra
493 690 597 740 curiam
615 689 694 756 sigua
715 689 941 762 agnoscentibus,

140 765 268 816 recitavit
278 779 327 830 per
336 763 474 814 libertum.
487 763 658 814 Testamenti
666 763 775 813 initium
787 757 853 812 fuit:
868 763 941 826 Quo-

141 839 212 890 niam
223 836 453 908 sinistrcfortuaa
466 836 559 888 Guium
574 846 600 888 ct
609 835 801 905 mautufllioc
811 836 878 886 alibi
888 837 942 888 eri-

137 911 205 980 puit,
222 909 447 963 Tiberiucancar
457 910 524 962 mibi
534 929 565 963 ex
571 920 651 978 parte
663 911 772 962 dimidiu
783 919 808 962 ct
818 920 942 964 sextante

141 986 215 1038 lieres
230 994 293 1038 estc.
335 987 396 1046 Quo
413 992 440 1038 et
452 987 515 1054 ipso
532 992 613 1038 aucta
627 991 669 1036 est
683 987 804 1054 suspicio
823 987 940 1053 opinan-

139 1064 221 1126 tium,
243 1077 430 1113 successorem
451 1062 567 1112 ascitum
589 1077 648 1112 eum
669 1061 833 1112 necessitate
848 1062 940 1128 nangis

140 1152 222 1204 quam
233 1136 347 1199 iudicio,
360 1135 469 1204 quando
481 1137 522 1186 ita
531 1135 654 1201 praefari
663 1150 719 1186 non
731 1135 904 1186 abstinuerit.

195 1209 296 1260 XXIV.
317 1209 517 1275 Principatum,
544 1210 668 1276 quamvis
691 1225 779 1276 neque
800 1225 939 1276 occupare

139 1291 232 1352 aperte
245 1281 388 1336 confestim
398 1299 487 1351 neque
499 1299 580 1350 agere
591 1283 756 1347 dubitasset,
779 1289 806 1334 et
816 1285 939 1336 statione

139 1353 265 1422 militum,
277 1357 331 1409 hoc
341 1363 391 1422 est,
398 1359 425 1408 ui
435 1366 463 1408 et
472 1359 563 1425 specie
574 1358 773 1409 dominationis
784 1365 937 1425 assumpta,

139 1433 188 1482 diu
196 1438 289 1483 tamen
299 1432 436 1482 recusavit
446 1433 684 1500 impudentissimo
697 1433 793 1497 mimo,
805 1449 879 1484 nunc
890 1434 938 1484 ad-

138 1506 281 1558 hortantes
292 1507 396 1557 anticos
406 1508 560 1573 increpans,
566 1513 597 1557 ut
606 1508 728 1573 ignaros,
735 1507 938 1574 quantabellua

138 1587 211 1633 esset
219 1581 377 1649 imperium3
388 1597 460 1631 nunc
470 1588 626 1648 precantem
637 1587 761 1632 serratum
773 1587 800 1632 et
809 1598 937 1648 procum·

137 1657 245 1708 bentem
262 1656 317 1706 sibi
332 1655 367 1704 ad
382 1669 471 1720 genua
485 1656 621 1723 ambiguis
636 1657 776 1724 responsis
791 1663 819 1707 et
834 1657 938 1708 callida

139 1730 314 1781 crmctatione
325 1729 505 1795 suspendens:
526 1737 557 1782 ut
567 1731 678 1799 quidam
689 1731 852 1799 patientiam
863 1747 936 1782 rum-

137 1810 241 1870 perent,
254 1809 336 1870 atquc
347 1820 417 1854 unus
427 1805 457 1854 in
467 1805 586 1858 tumultu
596 1805 791 1873 proclamaret,
803 1805 860 1856 Aut
869 1816 938 1875 agat

137 1888 186 1930 cut
196 1877 317 1941 desistat,
335 1879 405 1930 alter
416 1894 509 1931 coram
521 1882 712 1946 exprobraret,
731 1879 850 1942 Ceteros,
868 1882 938 1946 quod

132 1952 248 2020 polliciti
256 1953 317 2016 ciat,
330 1954 405 2005 tarde
412 1964 559 2021 praestare,
572 1955 617 2005 sed
626 1954 717 2020 ἰρειιηι,
730 1955 801 2020 quod
804 1964 934 2022 praestet,

137 2028 212 2080 tarde
222 2027 351 2095 polliceri.
391 2029 514 2079 Tandem
531 2029 611 2095 quasi
629 2035 755 2094 coactus,
776 2035 804 2080 et
818 2045 935 2098 querens

136 2102 258 2153 traicerem
273 2111 302 2154 et
314 2118 448 2154 onerosam
463 2101 570 2171 iniungi
583 2101 634 2153 sibi
646 2101 809 2166 servitutem,
830 2106 936 2172 recepit

135 2175 289 2240 imperium,
300 2191 351 2228 nec
360 2185 452 2227 tannen
464 2172 556 2241 alit'er,
569 2193 651 2244 quam
661 2184 693 2228 ut
704 2178 893 2244 depositurum
906 2195 935 2230 se

137 2248 302 2316 quandoque
323 2266 398 2316 spem
418 2249 530 2302 laceret.
570 2251 660 2319 lpsius
674 2253 759 2304 verba
774 2259 838 2304 sunt
852 2252 933 2306 hacc:

135 2321 209 2374 Dum
219 2323 321 2376 veniam
332 2324 406 2375 adid
415 2333 514 2392 ternpus
518 2363 526 2390 ,
539 2342 589 2394 quo
600 2326 671 2379 uobis
682 2328 793 2394 aequum
799 2327 887 2395 poscit
896 2327 933 2380 ci·

136 2397 200 2461 deri,
213 2398 277 2450 darc
286 2414 331 2450 cce
341 2399 457 2466 aliquam
468 2401 598 2454 senectuti
607 2418 679 2453 mccc
689 2402 814 2469 requiem.

191 2472 279 2526 XXV.
301 2473 454 2527 Cunctandi
469 2491 552 2528 causa
572 2483 631 2528 erat
644 2482 732 2529 metus
746 2477 868 2546 undiquc
881 2477 933 2529 im-

135 2547 295 2600 minentium
307 2548 508 2616 discriminum,
528 2559 560 2604 ut
572 2567 666 2620 saepe,
687 2553 775 2619 lupum
786 2568 813 2604 ec
823 2551 932 2604 auribm

136 2630 234 2687 tenere,
256 2624 368 2678 diceret.
407 2624 477 2677 Nam
493 2633 520 2679 et
530 2643 623 2680 servus
633 2627 783 2694 Agrippae,
806 2627 932 2679 Clemens

134 2697 256 2763 nomine,
272 2714 328 2751 non
340 2703 564 2754 contemnendam
575 2717 685 2754 uranum
696 2702 725 2752 in
735 2701 871 2753 ultionem
882 2701 931 2754 do-
