2036 3022
115 181 165 236 214
393 185 419 230 c.
444 175 634 230 suunoun

115 308 167 362 site·
176 303 345 360 matrimonia
355 307 422 358 mule
432 307 560 369 cederent,
568 321 771 374 permaturum
781 321 808 358 te
819 303 849 358 ἐκ
858 322 917 360 coe·

115 385 199 438 libutu
205 401 218 445 ;
238 400 270 434 uc
280 380 538 450 uisipermcuu'rtet,
550 398 602 432 nou
612 390 796 433 recusaturum
807 379 918 452 confodi

116 459 236 512 munibus
246 457 370 526 ipsorum.
410 457 468 510 Nec
479 458 577 508 durare
588 457 684 520 valuit,
696 457 762 523 quin
773 456 807 508 de
819 457 915 508 condi-

114 536 239 587 tionibus
250 534 381 585 continuo
391 539 537 596 tractaret,
553 533 636 584 etiam
648 531 681 582 de
690 529 819 595 Petinae,
831 547 914 598 quarn

38 642 43 652 ·
117 611 183 662 olim
194 614 331 675 exegerat,
342 607 429 674 deque
440 607 550 658 Lolliae
559 605 713 670 Paullinae,
725 621 796 675 quae
808 606 839 656 C.
847 606 914 658 eae-

116 686 174 736 sari
197 689 283 750 nupta
307 681 406 732 fuerat.
445 681 548 734 Verum
571 681 708 732 illecebris
733 680 914 748 Agrippinae,

117 757 275 811 Germanici
285 756 379 808 fratris
390 757 433 808 sui
444 757 531 820 filiae,
552 772 600 824 per
613 757 657 806 ius
668 755 757 806 osculi
767 762 795 806 et
805 755 915 806 blandi-

116 836 218 884 tiarum
230 831 391 883 occasiones
401 832 534 898 pellectus
548 833 578 882 in
594 846 728 894 amorem,
748 830 915 882 subornavit

116 909 244 978 proximo
259 912 370 969 senatu,
391 907 440 974 qui
456 913 596 958 censerent
610 905 762 973 cogendum
777 921 807 956 se
818 905 856 956 ad
868 906 915 956 du-

118 981 232 1035 cendum
243 997 304 1033 eam
313 997 441 1046 uxorem,
463 982 543 1049 quasi
557 981 726 1050 reipublicae
740 981 861 1032 maxime
875 980 917 1030 in-
994 1037 995 1040 Ἴ

117 1063 243 1120 tcresset;
263 1057 436 1124 dandamque
457 1057 555 1110 ceteris
574 1057 683 1108 veniam
701 1055 800 1106 talium
821 1055 916 1106 coniu-

116 1135 238 1200 giorum,
254 1148 324 1201 quac
336 1132 371 1182 nd
381 1131 410 1182 id
420 1137 528 1199 tempus
538 1133 643 1182 incesta
657 1129 840 1182 habebantur.
879 1131 917 1180 Ac
994 1143 995 1152 ¹

117 1209 163 1260 vix
173 1223 229 1259 uno
239 1207 404 1274 interposito
421 1205 465 1258 die
481 1205 600 1258 confecit
613 1206 737 1274 nuptias3
757 1221 813 1256 nou
825 1220 916 1271 reper-

117 1285 167 1347 tis,
189 1283 237 1350 qui
257 1287 436 1350 sequerentur
455 1281 622 1350 exemplum,
647 1287 761 1348 excepto
784 1280 915 1332 libertino

118 1357 247 1424 quodam,
259 1363 286 1406 et
297 1357 384 1407 altero
395 1356 575 1424 primipilari,
587 1357 664 1408 cuius
675 1356 797 1407 officium
807 1356 917 1422 nuptia·

118 1448 179 1483 rum
190 1438 217 1482 et
226 1432 285 1496 ipe
297 1445 357 1482 cum
368 1431 520 1499 Agrippina
531 1431 688 1482 celebravit.
995 1465 996 1474 η

175 1504 288 1558 xxvn.
308 1504 427 1557 Liberos
438 1507 571 1558 extribus
581 1507 716 1558 uxoribus
726 1504 803 1555 tulit:
820 1519 856 1555 ex
867 1505 917 1555 Ur·

118 1581 253 1650 gulanilla
263 1580 385 1630 Drusum
395 1586 422 1630 et
433 1580 592 1643 Claudiam3
604 1596 637 1632 ex
646 1579 744 1633 Petina
753 1579 917 1641 Antoninum

119 1654 477 1718 exMessallinaOctaviam,
489 1662 516 1706 et
526 1672 605 1723 quem
616 1656 705 1723 primo
714 1653 918 1718 Germanicum,
996 1679 997 1704 π

119 1745 184 1781 mox
194 1729 382 1780 Britannicum
395 1731 610 1796 cognominavit.
646 1731 766 1782 Drusum
777 1727 919 1796 Pompeiis
996 1791 997 1794 Ἴ

119 1805 288 1870 impuberem
300 1805 404 1869 amisit,
425 1805 487 1873 piro
502 1822 551 1874 per
565 1805 655 1856 lusum
664 1807 694 1856 in
704 1804 822 1856 sublime
832 1804 919 1856 iacta-
996 1849 997 1860 ,

119 1887 162 1944 to,
179 1884 206 1932 ct
216 1877 294 1930 biatu
305 1880 362 1931 oris
372 1887 501 1948 excepto,
522 1881 735 1948 strangulatum:
757 1881 803 1932 cui
818 1886 847 1932 et
858 1887 920 1932 ante
995 1863 997 1892 ⁴

119 1971 225 2022 pariens
236 1955 294 2006 dies
305 1955 392 2007 filiam
402 1955 496 2008 Seiani
512 1955 712 2022 despondisset.
753 1955 814 2016 Quo
831 1956 920 2022 nsagis
996 1973 997 1984 ³

119 2031 215 2095 miror,
226 2029 312 2082 luisse
324 2031 372 2098 qui
381 2030 530 2094 traderent,
539 2029 636 2082 fraude
647 2030 770 2082 aSciano
780 2037 918 2082 necatum.

121 2105 275 2169 Claudiam,
287 2120 321 2156 ex
331 2105 430 2156 liberto
443 2105 600 2158 suoBotero
612 2113 780 2173 conceptam,
793 2106 920 2172 quamvis

121 2185 184 2231 ante
205 2181 329 2247 quintum
348 2196 466 2232 mensem
485 2181 598 2232 divortii
616 2187 722 2245 natam,
745 2180 838 2248 alique
859 2197 919 2232 coe·

121 2261 206 2323 ptam,
218 2256 320 2322 exponi
330 2261 422 2307 tamen
433 2256 468 2307 ad
479 2256 575 2306 matris
585 2256 740 2319 ianuam,ct
749 2255 854 2308 nudam
864 2257 919 2306 ins·

122 2331 160 2381 sit
170 2330 263 2381 abiici.
302 2330 450 2382 Antoniam
465 2331 514 2381 Cn.
530 2330 664 2398 Pompeio
679 2330 798 2398 Magno,
820 2330 920 2382 deinde

120 2405 225 2459 Fausto
238 2404 340 2468 Sullae,
351 2405 533 2458 nobilissimis
543 2407 697 2469 iuvenibus,
710 2406 858 2458 Octaviam
867 2404 919 2456 Nc·

120 2480 184 2530 roni
194 2480 321 2547 privigno
333 2495 383 2530 suo
396 2479 557 2544 collocavit,
579 2480 674 2532 Silano
691 2489 753 2534 aute
769 2480 919 2547 desponsa-

120 2558 186 2604 tam.
225 2554 428 2618 Britannicum,
448 2555 579 2606 vicesimo
596 2556 706 2623 imperii
720 2556 765 2607 dic
779 2557 865 2624 inque
881 2572 920 2608 se-

122 2628 212 2680 cundo
225 2630 371 2680 consulatu
380 2636 474 2680 nattum
486 2631 553 2693 sibi,
564 2631 708 2698 parvulum
719 2632 803 2682 etiam
813 2637 883 2695 urna,
894 2637 921 2682 et

120 2702 254 2756 militibus
265 2719 315 2771 pro
328 2705 459 2756 concione
470 2706 596 2760 manibus
608 2707 666 2756 suis
676 2713 796 2776 gestans,
809 2713 837 2760 ct
846 2706 921 2780 plebi
