2050 3034
169 222 219 275 itt
445 225 471 270 G.
495 221 683 271 snssroun

171 351 307 414 detentor,
319 348 459 401 accusavit
468 364 517 414 per
525 345 634 412 literas,
646 347 817 399 amarissime
830 350 980 418 congestis

170 427 253 479 etiam
264 425 387 492 probris,
402 430 429 475 et
438 423 577 474 iudicatos
587 420 680 475 hostes
689 422 762 476 farne
776 424 904 488 necavit,
920 424 977 476 Ne-

87 523 89 528 ·
169 517 264 554 ronam
275 501 304 552 in
314 498 520 562 insulaPontia,
532 497 653 550 Drusum
662 497 759 570 iniens
768 505 848 566 parte
853 497 974 552 Palatii.

169 576 283 640 Putant,
304 574 441 626 Neronem
455 573 490 624 ad
505 574 690 626 voluntariam
701 580 818 625 mortem
830 581 971 638 coactum,

169 665 251 718 quum
266 651 293 702 ei
307 649 442 712 carnifex,
463 643 543 715 q'nasi
557 664 591 700 ex
601 654 712 700 senatus
723 649 895 701 auctoritate
905 651 970 702 mis·

168 743 228 791 sus,
243 726 358 792 laqueos
372 729 495 777 etuncos
507 729 669 787 ostentaret,
684 722 777 775 Druso
790 730 884 776 autem
897 725 967 776 adeo

168 801 299 852 alimenta
308 798 452 864 subducta,
463 804 495 849 ut
503 805 654 851 tomentum
665 815 679 850 e
691 797 807 849 ctrlcstm
815 801 970 852 tentaverit

167 873 308 937 mandere3
332 875 475 925 amborum
497 875 539 925 sic
556 874 681 940 reliquiis
701 873 847 940 dispersis,
868 881 903 926 ut
922 876 969 926 vix

168 948 331 1017 quandoque
343 949 436 1016 colligi
447 955 567 1015 possent.
1009 963 1010 968 ¹

162 1031 163 1034 ’
222 1023 282 1076 LV.
303 1024 391 1090 Super
399 1031 504 1076 veteres
516 1025 619 1076 amicos
635 1039 668 1074 ac
682 1022 848 1088 familiares,
864 1024 968 1092 viginti

166 1100 221 1151 sibi
231 1117 245 1152 e
256 1115 368 1152 numero
379 1101 532 1166 principum
544 1100 664 1151 civitatis
674 1098 884 1165 depoposcerat,
890 1099 967 1152 velut

167 1176 343 1228 consiliarios
363 1175 392 1224 in
411 1176 531 1241 negotiis
550 1174 677 1240 publicis.
717 1173 825 1226 Horum
840 1175 966 1226 omnium

165 1251 212 1301 vix
232 1250 301 1303 duos
322 1255 370 1301 aut
387 1254 446 1307 tresv
462 1249 614 1301 incolumes
628 1249 779 1316 praestitit,
801 1254 965 1317 ceterosque
1009 1285 1010 1314 ,

166 1325 251 1376 alium
262 1324 319 1376 alia
330 1324 363 1376 de
373 1340 457 1375 causa
467 1323 593 1390 perculit.
631 1324 705 1376 inter
720 1339 788 1390 quos
804 1325 964 1392 cumpluri-
1009 1355 1010 1358 =

162 1397 272 1452 morum
282 1399 360 1451 clade
370 1399 476 1450 Aelium
482 1399 619 1464 Seianum,
632 1415 711 1466 quem
722 1399 757 1450 ad
767 1415 904 1452 summam
914 1415 962 1466 po·

164 1475 280 1527 tentiam
288 1490 345 1526 non
360 1480 417 1525 tam
431 1475 623 1526 benevolentia
636 1479 812 1540 provexerat,
834 1489 918 1542 quam
932 1480 963 1526 ut

165 1556 249 1614 esset,
271 1551 349 1602 cauus
363 1549 515 1602 nnnmterlo
532 1565 564 1600 ac
578 1549 722 1600 fraudibus
732 1549 836 1602 liberos
849 1548 960 1601 Germa-

164 1627 222 1677 nici
232 1625 452 1686 circsrmveniret3
473 1629 653 1691 nepotemque
668 1641 759 1688 suum,
780 1639 815 1676 ex
825 1623 919 1676 Druso
930 1626 960 1675 fi-

165 1699 232 1750 lium
241 1699 403 1763 naturalem,
411 1698 652 1752 adsuccessionem
660 1699 958 1765 imperiiconfirmaret.

220 1773 292 1826 LVl.
313 1771 408 1825 Nihilo
434 1774 522 1826 lenior
545 1776 575 1826 in
600 1776 771 1828 convictores
797 1773 958 1840 Graeculos,

165 1850 263 1916 quibus
273 1849 318 1900 vel
327 1850 445 1900 maxime
456 1850 659 1917 acquiescebat,
671 1849 809 1902 Zenonem
814 1850 958 1918 quendam,

164 1925 328 1992 exquisitius
338 1917 958 1992 sermocinantem,qnuminterrogasset,quae-

163 2017 225 2052 nam
235 1999 280 2051 illo
291 2009 345 2052 tam
355 2002 463 2052 molesta
473 2000 596 2052 dialectos
607 2009 684 2063 esset,
706 2007 734 2051 et
743 1999 791 2052 ille
801 2001 957 2068 respondis-

164 2082 218 2140 set,
228 2073 368 2138 Doridem,
384 2075 518 2142 relegavit
528 2075 676 2140 Cinariam,
689 2076 850 2126 existimans
862 2090 956 2142 expro-

162 2150 271 2200 bratum
285 2151 341 2202 sibi
354 2156 472 2202 veterem
486 2164 635 2214 secessum,
658 2149 732 2216 qnod
742 2148 847 2202 Dorice
856 2148 957 2202 Rhodii

162 2222 320 2289 loquantur.
338 2224 406 2276 ltem
417 2239 500 2291 quum
510 2223 613 2276 soleret
622 2240 656 2275 ex
665 2225 784 2277 lectione
796 2225 956 2291 quotidiana

163 2299 339 2365 quaestiones
349 2314 431 2365 super
441 2314 553 2352 coenam
564 2315 726 2368 proponere,
733 2306 761 2351 et
771 2301 955 2366 comperisset,

163 2373 306 2445 Seleucus
319 2375 528 2442 grammaticum
542 2391 559 2426 a
573 2375 707 2426 ministris
722 2375 780 2426 suis
789 2375 954 2444 perquirere,

162 2465 232 2516 quos
247 2465 356 2518 qnoque
376 2455 498 2516 tempore
511 2455 644 2502 tractaret
658 2456 798 2513 auctores,
821 2455 901 2520 atque
914 2452 956 2502 ita

162 2531 355 2591 praeparatum
365 2526 471 2588 venire3
482 2526 599 2592 primum
611 2541 628 2577 a
638 2525 819 2578 contubernio
829 2526 954 2592 removit,

162 2598 260 2652 deinde
271 2602 353 2653 etiam
365 2601 400 2651 ad
411 2607 525 2652 mortem
537 2600 676 2667 compulit.

217 2673 302 2741 Lvll.
324 2675 413 2728 Saeva
424 2693 456 2728 ac
465 2676 540 2728 lenta
550 2682 650 2728 natans
665 2691 699 2727 ne
709 2676 738 2727 in
748 2689 834 2743 puero
847 2676 953 2744 quidem

160 2743 256 2802 latuita
276 2766 359 2818 quam
369 2750 533 2806 Theodorru
544 2749 701 2818 Gadareus,
712 2747 868 2804 rhetoricae
877 2766 954 2819 prae·
