2050 3034
294 219 483 268 TIBERIUS.
519 221 599 266 CAP.
619 221 736 266 ott-ta.
861 221 910 274 153

108 345 263 398 admodum
275 344 439 410 delectatus,
461 346 565 412 scripta
575 361 670 396 eorum
682 352 709 396 et
718 346 852 413 imagines
861 364 908 414 pu.

108 422 194 474 blicis
205 419 383 472 bibliothecis
400 422 471 473 inter
485 426 590 472 veteres
605 426 632 471 et
642 422 806 489 praecipuos
817 432 910 474 aucto·

107 513 155 548 res
171 495 324 557 dedicavit;
345 500 372 546 et
387 496 421 546 ob
437 494 490 546 hoc
504 496 628 563 plerique
643 495 813 546 eruditorum
825 504 910 548 certa-

107 573 160 622 tim
173 570 208 622 ad
220 586 281 621 curn
292 570 379 622 multa
390 569 423 622 de
433 568 476 621 his
491 571 643 621 ediderunt.
682 571 804 622 Maxime
818 577 911 622 tamen

108 647 219 696 curavit
227 645 354 696 notitiam
365 643 499 696 historiae
504 645 647 710 fabularis,
653 661 741 713 usque
747 646 781 696 ad
790 647 909 714 ineptias

108 727 194 788 atque
210 716 339 771 derisum.
377 719 449 771 Nam
465 725 492 771 et
504 722 711 788 grammaticos,
733 721 808 788 quod
823 737 908 788 genus

108 795 251 845 hominum
264 795 418 863 praecipue,
427 793 461 845 ut
471 795 597 859 diximus,
610 797 764 864 appetebat,
771 797 908 850 eiusmodi

108 869 168 920 fere
185 870 394 938 quaestionibus
408 867 612 937 experiebatur:
633 887 699 936 quae
719 881 804 922 rnater
818 871 907 924 Hecu-

110 945 172 1006 bae,
194 943 265 1010 qaod
278 943 377 994 Achilli
389 961 481 996 nomen
495 943 695 1012 inter'rt'rffnes
702 945 820 1015 fuisset,·
845 947 909 1012 quid

110 1019 217 1070 Sirenes
227 1028 337 1070 eantare
346 1018 400 1070 sint
408 1017 508 1071 solitae.
548 1019 585 1069 Et
595 1034 648 1086 quo
660 1021 777 1086 primum
789 1020 833 1070 die
845 1030 909 1087 post

110 1110 253 1146 excessum
268 1094 384 1160 Augusti
399 1095 502 1146 curiam
517 1095 643 1158 intravit,
666 1093 746 1161 quasi
760 1095 859 1161 pietati
873 1096 909 1144 si-

108 1170 167 1220 mul
179 1184 212 1220 ac
221 1168 351 1236 religioni
361 1168 567 1232 satisfacturus,
582 1169 687 1220 Minois
698 1168 822 1237 exemplo
829 1208 837 1233 ,
848 1175 909 1221 ture

110 1244 222 1312 quidem
233 1259 266 1294 ac
277 1245 340 1295 vino
346 1282 354 1308 ,
368 1260 462 1294 verum
473 1245 531 1295 sine
541 1243 667 1309 tibicine,
683 1244 863 1312 supplicavit,
879 1251 910 1295 ut

109 1320 158 1372 ille
169 1319 238 1370 olim
247 1318 278 1369 in
287 1325 375 1370 morte
386 1319 445 1370 filu
947 1326 949 1335 ’

165 1393 267 1444 cxxi.
292 1393 422 1445 Sermone
448 1393 569 1458 Gracco,
598 1410 755 1465 quanquam
780 1395 905 1464 alioquin

108 1474 253 1538 promptus
274 1474 301 1519 et
320 1468 423 1532 facilis,
444 1486 499 1521 nou
518 1475 610 1521 tamcn
625 1484 821 1538 usquequaque
839 1487 906 1522 usus

109 1549 166 1605 cst3
191 1543 375 1612 abstinuitque
389 1544 507 1596 maxime
521 1545 675 1607 insanam,
695 1544 766 1596 adeo
787 1543 906 1612 quidem,

108 1624 142 1670 ut
151 1618 324 1686 nroaopolium
335 1619 533 1684 nominaturus,
541 1621 617 1686 prius
626 1616 735 1672 veu'iam
747 1619 904 1687 postularit,

109 1693 185 1762 quod
205 1694 260 1744 sibi
278 1695 362 1745 verbo
383 1695 526 1762 peregrino
547 1695 677 1746 utendum
698 1701 778 1746 esset.
816 1696 905 1761 Atque

110 1771 194 1839 etiam
204 1769 234 1820 in
244 1768 363 1835 quodam
375 1768 484 1822 decreto
495 1775 617 1836 patrum,
639 1784 722 1835 quum
733 1768 854 1833 ἔμβλημα
864 1784 906 1820 rea

110 1844 252 1907 citaretur,
265 1844 484 1895 commutandam
496 1844 602 1894 censuit
610 1857 719 1905 vocem,
731 1849 757 1894 et
767 1859 817 1910 pro
828 1859 905 1909 pere-

108 1920 189 1987 grina
198 1924 349 1970 nostratem
359 1917 560 1985 requirendam,
572 1922 621 1966 aut
630 1917 655 1966 si
665 1931 720 1966 nou
730 1918 904 1982 reperiretur,

107 1993 151 2045 vel
160 1993 287 2061 pluribus
298 1999 325 2043 et
334 2009 382 2060 per
393 1993 529 2044 ambitum
535 1993 680 2044 verborum
690 2006 748 2041 rem
759 1992 905 2042 enuncian-

109 2069 181 2119 dam.
219 2068 338 2118 Militem
349 2084 470 2137 quoque,
483 2083 580 2135 graece
589 2067 777 2117 testimonium
787 2066 904 2118 interro-

107 2150 210 2212 gatum,
220 2142 277 2196 nisi
285 2143 371 2194 latine
381 2143 546 2210 respondere
556 2143 651 2194 vetuit.

162 2215 276 2269 LXXll.
295 2217 344 2269 Bis
360 2219 470 2270 omnino
490 2224 551 2270 toto
571 2231 694 2270 secessus
711 2223 835 2286 tempore
848 2217 902 2268 Ro·

108 2309 179 2344 mam
194 2292 284 2344 redire
299 2299 427 2356 conatus,
449 2294 532 2345 semel
545 2293 652 2344 trircnd
665 2309 751 2361 usqne
762 2293 797 2342 ad
808 2293 902 2359 proxi-

107 2384 167 2419 mos
176 2365 358 2419 naumachiae
368 2364 464 2418 hortos
475 2368 619 2420 subvectus
630 2373 683 2431 est,
700 2367 836 2434 disposita
846 2370 901 2415 sta-

107 2445 181 2495 tione
191 2459 241 2510 per
250 2444 327 2510 ripas
332 2442 450 2506 Tiberis,
457 2456 526 2511 quae
538 2443 647 2494 obviam
657 2440 823 2509 prodeuntes
829 2455 901 2490 sum·
966 2449 968 2453 ’

107 2524 240 2580 moveret;
259 2519 359 2568 iterum
369 2517 458 2584 Appia
472 2517 604 2585 usquead
616 2515 759 2582 septimum
770 2513 900 2580 lapidem,

109 2593 155 2644 sed
165 2593 320 2660 prospectis
331 2593 427 2655 modo,
437 2605 489 2642 nec
499 2591 583 2640 aditis
593 2589 675 2639 Urbis
685 2587 842 2650 moenibus,
858 2602 900 2636 re-

110 2667 169 2718 diit:
189 2667 280 2735 primo
291 2667 437 2729 incertum,
453 2662 552 2734 quade
567 2677 663 2724 causa,
678 2665 776 2726 postea
791 2666 900 2711 ostento

108 2743 227 2796 territus.
266 2741 335 2792 Erat
349 2742 375 2793 ei
387 2741 416 2794 in
432 2737 639 2791 oblectamentis
655 2733 792 2805 [serpens]
805 2734 899 2792 draco,
