2026 3020
87 233 121 289 1²
225 234 229 239 ’
366 235 394 284 G.
418 229 601 284 suurohn

87 367 150 430 pto,
164 361 194 412 iu
203 361 375 428 provinciam
392 362 473 424 abiit,
494 367 522 412 et
536 361 629 411 statim
640 365 772 427 quaestor
783 359 842 412 eius
853 359 883 411 in

87 436 288 505 praeiudicium
300 437 408 504 aliquot
418 435 578 487 criminibus
589 440 714 503 arreptus
725 441 776 487 est.
815 434 885 488 Mox

88 513 185 580 etipse
196 511 381 564 aL.hutistio
392 511 503 562 tribuno
514 510 603 579 plebis
613 510 778 578 postulatus,
791 510 884 578 appel-

87 588 146 638 lato
167 587 275 639 demum
299 586 417 653 collegio
443 586 574 650 obtinuit,
597 602 679 653 quum
699 585 883 653 reipublicae

89 677 173 713 causa
184 664 305 726 abesset,
326 663 389 713 reiis
403 677 438 713 ne
453 661 538 712 fieret.
577 661 619 711 Ad
630 661 805 713 securitatem
816 675 883 728 ergo

87 738 193 804 posteri
201 737 334 804 temporis
344 738 374 788 ln
384 751 484 804 magno
499 737 612 804 negotio
628 731 737 800 habuit,
759 736 884 802 obligare

88 827 195 879 semper
205 827 312 863 annuos
321 813 513 880 magistratus,
525 818 552 863 et
563 827 577 863 e
588 811 817 879 competitoribus
827 826 884 862 nou

89 887 161 938 alios
173 887 305 939 adiuvare
315 893 363 938 aut
373 887 409 939 ad
419 885 551 938 honorem
562 887 622 954 pati
632 887 787 954 pervenire,
800 901 884 952 quam

90 962 137 1029 qui
147 962 202 1012 sibi
212 963 381 1029 recepissent
390 967 615 1030 propugnaturos
627 962 780 1014 absentiam
791 975 884 1011 suam:

89 1037 166 1087 ciuus
177 1038 253 1103 pacti
266 1053 322 1089 non
333 1038 470 1089 dubitavit
481 1052 497 1087 a
512 1037 676 1104 quibusdam
691 1035 886 1088 iusiurandum

89 1117 171 1178 atque
182 1112 265 1163 etiam
277 1111 461 1181 syngrapham
473 1113 590 1180 exigere.

144 1185 245 1238 xxiv.
267 1187 320 1238 Sed
331 1202 413 1254 quum
425 1186 458 1236 1..
471 1187 623 1251 Domitius,
647 1186 807 1238 consulatus
819 1201 884 1236 can-

90 1261 214 1326 didatus,
230 1261 323 1328 palam
335 1261 498 1325 urinaretur,
521 1261 661 1313 consulem
672 1277 702 1314 se
712 1261 884 1325 effectrrrum,

90 1336 164 1403 quod
180 1341 293 1402 praetor
308 1337 461 1403 nequisset,
481 1335 724 1405 ademptrurnnque
740 1337 766 1388 ei
779 1337 885 1388 exerci-

90 1417 148 1473 tus3
171 1411 299 1462 Crassum
315 1410 544 1478 Pompeiumque,
564 1412 595 1462 in
613 1411 708 1463 urbem
723 1410 885 1479 provinciae

90 1501 156 1537 suae
167 1484 272 1537 Lucam
283 1491 430 1550 exhactos,
443 1486 584 1553 compulit,
596 1490 639 1551 ut,
652 1486 815 1539 detrudendi
826 1485 885 1537 Do-

89 1561 161 1612 mitii
174 1575 272 1626 causa,
294 1561 467 1613 conuiuatum
484 1561 600 1612 alterum
615 1567 751 1629 peterent;
772 1568 800 1614 et
813 1562 885 1613 utin

90 1637 306 1704 quinquennium
321 1637 377 1687 sibi
388 1637 533 1702 imperium
548 1642 758 1704 prorogaretur:
781 1634 885 1704 [perso
922 1679 923 1684 ,

90 1712 181 1778 aitque
190 1712 359 1780 utrumque]
401 1710 463 1771 era
473 1711 575 1762 fiducia
586 1711 622 1762 ad
632 1711 769 1779 legiones,
787 1727 856 1779 quas
868 1727 886 1762 a

89 1785 232 1852 republica
250 1790 406 1853 acceperat,
426 1785 497 1837 alias
513 1784 652 1853 [publico,
673 1785 757 1855 alias]
774 1787 885 1854 privato

90 1867 201 1928 sumptu
215 1860 336 1912 addidit:
364 1876 448 1912 unam
463 1861 547 1912 etiam
561 1877 596 1913 ex
612 1863 804 1928 Transalpinis
821 1877 885 1914 con·

90 1937 233 2004 scriptam,
254 1936 390 1988 vocabulo
408 1951 517 2005 quoque
534 1935 659 2000 Gallico;
688 1937 797 1992 Alauda
812 1938 885 1988 euim

91 2012 296 2079 appellabatru3
317 2026 398 2080 quam
410 2012 558 2080 disciplina
568 2013 697 2080 cultuque
707 2012 832 2063 Romano
844 2013 886 2062 in·

92 2088 216 2138 stitutam
227 2094 255 2140 ct
265 2093 405 2151 ornatam,
426 2093 525 2154 postea
539 2087 695 2138 universam
712 2087 823 2138 civitate
835 2086 885 2138 do-

89 2163 176 2212 navit.
214 2162 272 2214 Neo
292 2162 390 2212 deindo
404 2162 462 2212 ralla
475 2161 544 2212 belli
559 2162 717 2228 occasione,
739 2177 773 2214 ne
787 2163 887 2213 iniusti

91 2236 201 2303 quidem
212 2250 245 2286 ac
255 2235 413 2303 periculosi,
420 2235 561 2300 abstinuit,
568 2241 624 2288 tam
635 2237 794 2302 foederatis,
803 2251 885 2305 quam

89 2309 199 2362 infestis
220 2325 253 2362 ac
272 2310 339 2362 ieris
359 2311 486 2378 gentibus
506 2311 579 2363 ultro
596 2313 747 2375 lacessitis3
773 2313 844 2364 adeo
855 2319 887 2364 ut

92 2391 203 2437 senatus
224 2386 362 2453 quondam
383 2386 491 2453 legatos
512 2385 547 2436 ad
569 2388 767 2455 explorandum
783 2393 887 2438 statum

93 2459 247 2512 Galliarum
258 2461 406 2512 mittendos
418 2460 581 2528 decreverit,
604 2479 636 2514 ac
651 2461 777 2514 nonnulli
787 2461 887 2514 deden-

92 2535 155 2586 dum
167 2553 229 2589 eum
244 2534 370 2588 hostibus
391 2537 554 2589 censuerint.
594 2536 649 2590 Sed
662 2551 793 2606 prospere
808 2535 888 2588 dece-

92 2610 218 2663 dentibus
232 2612 327 2676 rabus,
349 2618 377 2664 et
391 2611 502 2679 saepius
518 2619 546 2664 et
559 2613 692 2680 plurium,
714 2627 795 2680 quam
812 2611 888 2680 quis-

93 2701 174 2752 quam
184 2701 324 2756 umquam,
336 2686 442 2739 dierrrm
453 2688 670 2756 supplicationes
680 2687 848 2755 impetravit.

147 2760 234 2817 XXV.
256 2761 350 2816 Gessit
360 2768 451 2815 autem
461 2777 560 2817 novem
572 2765 663 2829 annis,
681 2763 781 2834 quibus
795 2763 824 2814 in
834 2763 885 2814 im·
