2036 3022
302 249 527 302 arruntius.
564 211 642 300 can..
661 254 768 300 11-14,
884 247 933 303 295

134 377 264 430 etitabat.
302 379 334 430 ln
343 377 396 431 hac
405 395 547 432 scarorum
556 378 689 442 iecinora,
700 376 897 447 phasianorum
907 385 936 432 et

135 469 278 522 pavonum
290 454 433 519 cerebella,
444 455 554 522 linguas
564 452 817 522 phoenicopterum,
828 469 934 506 arurae-

134 543 237 580 narum
255 528 354 594 lactes,
376 545 393 580 a
407 529 522 582 Parthia
535 545 622 599 usque
639 529 765 596 fretoque
779 529 934 596 Hispaniae

135 619 187 671 per
206 601 360 656 navarchos
372 621 413 656 ‘ac
431 606 556 658 triremes
576 605 731 673 petitarum,
753 604 933 656 commiscuit.

135 680 174 730 Ut
186 683 277 730 autem
287 677 369 730 homo
380 695 436 732 non
446 679 599 747 profundae
609 679 756 745 modo,sed
766 680 933 747 intempesti-

134 769 189 805 vae
204 768 314 820 qnoque
329 771 362 805 ac
376 753 506 806 sordidae
519 754 613 822 gulae,
628 772 662 806 ne
676 757 706 808 in
719 755 857 806 sacrificio
874 755 933 821 qui·

108 876 114 888 ,
136 829 201 880 dem
215 844 335 895 unquam
351 835 400 880 aut
412 829 510 880 itinere
523 829 581 881 ullo
595 831 769 896 temperavit,
781 831 847 899 quin
862 831 934 880 inter

137 903 241 956 altaria
253 903 356 955 ibidem
370 905 465 956 statim
477 905 569 956 viscus
583 910 610 956 et
623 903 699 954 farra
717 919 804 970 paene
823 910 904 971 rapta
918 921 933 954 e

136 978 204 1030 ioco
217 978 371 1043 manderet,
387 980 514 1045 circaque
534 979 641 1030 viarum
661 979 778 1046 popinas
797 978 933 1030 fumantia

138 1054 258 1106 obsonia
267 1053 312 1104 vel
321 1053 450 1119 pridiana
460 1060 542 1121 atque
551 1068 665 1105 semesa.

195 1126 270 1180 xlv.
290 1127 399 1180 Pronus
412 1145 477 1182 vero
493 1128 529 1180 ad
543 1129 675 1197 cuiusque
689 1134 717 1180 et
727 1143 889 1197 quacunque
900 1125 933 1178 dc

138 1219 225 1256 causa
234 1219 329 1254 necem
344 1209 425 1270 atque
436 1203 614 1270 supplicium,
625 1202 733 1255 nobiles
742 1203 827 1268 viros,
840 1202 934 1254 condi-

137 1277 263 1346 scipulos
274 1284 301 1329 et
311 1277 441 1347 aequales
452 1293 527 1343 snos,
540 1279 665 1330 omnihus
675 1278 818 1329 blanditiis
828 1283 934 1330 tantum

135 1371 195 1406 non
210 1353 246 1404 ad
260 1354 421 1406 societatem
434 1354 544 1422 imperii
554 1353 734 1418 alliceiactos‚
745 1353 824 1405 vario
833 1368 934 1420 genere
962 1403 964 1411 ,

134 1428 246 1481 fraudis
262 1428 382 1492 occidit3
400 1429 485 1480 etiam
498 1444 583 1483 anum
596 1444 700 1481 veneno
715 1443 798 1480 manu
808 1443 859 1479 sua
869 1443 933 1495 por-

135 1510 213 1556 recto
228 1504 258 1554 in
273 1519 361 1570 aquae
375 1502 493 1571 frigidae
503 1504 629 1571 potione,
641 1519 722 1570 quam
732 1503 757 1554 is
768 1502 883 1554 affectus
893 1501 932 1553 fe-

134 1581 187 1631 bre
197 1585 371 1646 poposcerat.
406 1579 477 1631 Tum
487 1579 691 1631 foeneratorum
701 1587 729 1630 et
738 1577 933 1644 stipulatorum

136 1654 417 1722 publicanornmqne,
437 1655 619 1722 quiunquam
632 1671 661 1706 sc
677 1660 724 1705 ant
736 1653 842 1706 Romae
857 1653 932 1703 debi-

135 1737 204 1793 tum,
217 1734 265 1780 ant
273 1729 302 1779 in
311 1729 358 1780 via
367 1729 521 1794 portorium
531 1729 710 1795 flagitassent,
721 1729 767 1780 vix
777 1729 829 1780 ulli
837 1743 932 1796 peper-

111 1845 112 1848 ,
136 1806 185 1856 cit.
223 1803 267 1854 Ex
277 1803 376 1870 quibus
387 1802 522 1871 quendam
535 1803 565 1854 in
578 1803 640 1869 ipsa
650 1797 818 1854 salutatione
828 1800 932 1872 suppli-

136 1881 183 1932 cio
198 1879 344 1942 traditum,
355 1879 503 1944 statimque
516 1884 687 1941 revocatum,
699 1879 804 1929 cunctis
815 1877 931 1929 clemen·

136 1955 206 2007 tiam
220 1954 410 2016 laudantibus,
422 1969 516 2006 coram
529 1952 648 2004 interfici
661 1953 755 2017 iussit,
765 1953 827 2007 celle
841 1969 879 2016 se,
892 1950 932 2002 di-

121 2045 215 2093 ·cens,
231 2044 340 2096 pascere
364 2029 469 2082 oculos:
499 2027 613 2091 alterius
636 2043 742 2094 poenae
762 2026 831 2078 duos
856 2027 930 2078 filios

136 2105 249 2168 adiecit,
260 2104 402 2172 deprecari
412 2119 462 2170 pro
473 2109 551 2172 patre
562 2110 686 2156 conatos.
712 2102 765 2154 Sed
776 2109 803 2155 et
812 2102 930 2171 equitem

135 2181 292 2231 Romanum
306 2177 534 2245 proclamantem,
556 2194 639 2246 qumn
658 2183 802 2245 raperetur
816 2178 851 2228 ad
865 2191 930 2244 poe-

134 2270 210 2319 nam,
221 2253 310 2305 Herus
319 2269 390 2304 mess
400 2269 435 2317 ss,
446 2251 573 2305 exhibere
583 2255 740 2306 testamenti
748 2252 858 2304 tabulas
870 2255 930 2303 coii-

135 2331 196 2398 git:
215 2336 299 2396 utque
313 2329 393 2396 legit,
404 2325 564 2380 coheredem
575 2329 630 2380 sibi
639 2329 766 2380 libertum
777 2328 835 2379 eins
847 2328 930 2378 ascri-

135 2411 226 2475 ptum,
241 2403 364 2471 iugulari
378 2419 438 2456 crim
448 2403 548 2456 liberto
558 2404 712 2470 imperavit.
752 2400 893 2464 Quosdam
904 2408 931 2454 ct

136 2480 171 2532 de
185 2480 264 2547 plebe
279 2480 315 2530 ob
328 2479 359 2530 id
377 2480 481 2544 ipsum,
503 2479 577 2546 quod
590 2478 711 2533 Venetae
725 2477 843 2528 factioni
856 2477 930 2530 clare

136 2553 349 2618 maledixerunt,
362 2553 512 2617 interemit,
529 2559 687 2620 contemptu
700 2553 745 2604 sui
758 2558 786 2604 et
799 2567 872 2604 nova
882 2569 930 2623 spe

134 2631 166 2682 id
182 2645 265 2682 ausos
280 2630 417 2697 opinatus.
460 2627 551 2680 Nullis
569 2633 661 2680 tamen
680 2627 826 2692 infensior,
847 2644 930 2702 quarn

135 2705 292 2758 vernaculis
310 2710 341 2757 et
358 2703 572 2769 mathematicis,
586 2711 618 2757 ut
637 2704 752 2773 quisque
768 2702 928 2771 deferretur,

136 2781 291 2840 inauditum
308 2780 397 2849 capite
406 2780 539 2849 puniebat
548 2795 556 2845 3
577 2781 768 2846 exacerbatus,
780 2779 854 2850 quod
864 2786 929 2849 post
