2044 3028
293 265 414 316 rrrus
454 265 532 317 cae.
551 267 633 338 με.
811 260 861 318 alt

52 390 111 446 hus
123 391 240 459 amisso,
253 393 395 462 alteroque
404 395 544 459 inscenso,
556 393 634 446 cuins
644 394 737 446 rector
747 393 821 445 circa
830 408 860 444 se

58 470 197 520 dimicans
209 470 383 521 occubuerat.

114 541 151 595 V.
174 542 266 596 Galba
280 560 345 596 mox
357 551 466 598 tenente
479 544 689 612 rempublicam,
710 543 810 594 missus
822 542 857 593 ad

57 619 254 687 gratadandum
261 658 269 684 ,
286 635 396 688 quaqua
405 621 471 685 iret,
484 621 618 673 convertit
628 617 765 684 homines,
777 619 858 687 quasi
908 615 914 626 '

58 694 222 762 adoptionis
241 695 332 761 gratia
353 703 543 748 arcesseretur.
587 695 655 760 Sed,
680 695 730 746 ubi
749 694 858 745 turbari

58 785 155 820 mrsus
167 775 266 820 cuncta
275 770 373 833 sensit,
393 770 477 822 rediit
486 785 520 822 ex
529 771 641 834 itinere3
662 770 794 837 aditoque
804 768 857 820 Pa·

59 843 263 911 phiaeVeneris
275 843 399 908 oraculo,
407 845 470 895 dum
482 845 515 897 de
525 844 855 914 navigationeconsuluit,

61 920 146 970 etiam
163 918 196 970 de
209 919 320 986 imperii
334 935 382 988 spe
397 919 572 970 confirmatus
586 926 637 972 est.
677 921 761 971 Cuius
780 920 858 972 brevi

61 1009 193 1064 compos,¹
210 994 282 1046 etad
293 994 508 1061 perdomandam
519 994 648 1046 Iudaeam
662 995 787 1059 relictus,
808 1011 857 1048 no-

60 1069 175 1121 rissima
198 1069 457 1136 Hierosolymorum
484 1070 689 1138 oppugnatione
713 1068 858 1120 duodecim

60 1149 282 1215 propugnatores
296 1142 412 1196 totidem
427 1144 590 1212 sagittarum
606 1144 725 1198 confecit
743 1144 858 1206 ictibus,

62 1221 188 1288 cepitque
199 1235 258 1272 eam
269 1219 358 1270 natali
367 1220 442 1272 tiliae
452 1235 527 1284 suae,
538 1225 615 1272 tanto
627 1220 743 1290 militum
754 1218 858 1286 gaudio

62 1310 95 1346 ac
105 1294 214 1358 favore,
236 1301 267 1346 ut
281 1296 310 1346 in
320 1295 507 1361 gratulatione
517 1295 711 1364 imperatorem
723 1310 784 1346 eum
795 1309 858 1344 con·

64 1369 257 1434 salutaverint,
279 1376 306 1421 et
320 1368 435 1422 subinde
450 1369 623 1422 decedentem
637 1369 782 1438 provincia
793 1369 860 1420 dcti-

64 1446 187 1509 nuerint,
208 1445 370 1512 suppliciter
384 1461 435 1519 neo
447 1461 504 1498 non
518 1451 546 1498 et
555 1446 699 1498 minaciter
710 1443 861 1512 efflagitan-

65 1526 119 1583 tes,
131 1529 181 1572 cut
190 1528 338 1572 remaneret
350 1528 494 1573 esttecum
505 1537 592 1575 omnes
598 1519 703 1588 pariter
713 1519 861 1572 adduceret.

65 1591 143 1646 Unde
162 1602 229 1646 nata
249 1594 371 1664 suspicio
392 1603 446 1660 est,
467 1597 548 1664 quasi
568 1596 718 1656 desciscere
739 1609 756 1646 a
774 1601 861 1664 patre,

68 1671 242 1737 Orientisque
252 1685 365 1744 regnum
376 1671 431 1722 sibi
440 1671 581 1723 vindicare
590 1677 731 1724 tentasset.
774 1671 862 1732 Quam

67 1745 252 1812 suspicionem
274 1745 363 1808 auxit,
384 1751 530 1813 postquam
544 1746 739 1798 alexandriam
759 1753 862 1814 petens,

66 1821 95 1871 in
115 1820 302 1872 consecrando
324 1819 397 1886 apud
411 1817 560 1886 Memphim
579 1821 649 1875 bove
664 1821 718 1888 Api
736 1820 864 1873 diadema

67 1896 199 1963 gestavit,
216 1894 249 1946 dc
264 1911 340 1946 more
354 1893 491 1962 siqnidem
506 1895 614 1962 rituque
629 1895 737 1961 priscae
751 1894 863 1962 religio-

67 1971 124 2032 nis3
145 1969 265 2021 sednon
283 1969 408 2034 deerant,
431 1969 479 2038 qui
499 1969 589 2022 secius
609 1970 863 2036 interpretarentur.

70 2046 162 2107 Quare
171 2043 345 2096 festinansin
359 2042 482 2109 ltaliam,
503 2060 587 2113 quum
597 2042 745 2111 Rhegium,
766 2043 864 2096 deinde

69 2119 203 2172 Puteolos
215 2119 344 2171 oneraria
353 2135 422 2172 nave
434 2117 593 2188 appulisset,
599 2117 715 2171 Romam
724 2119 789 2170 inde
801 2133 864 2170 con-

69 2195 157 2246 tendit
168 2194 403 2263 expeditissimus;
423 2194 633 2264 inopinantique
643 2195 726 2261 patri,
737 2194 813 2250 velut
823 2209 865 2244 ar·

68 2286 154 2338 guens
164 2285 305 2322 rumorum
317 2268 350 2320 de
361 2285 389 2320 se
399 2270 593 2334 temeritatem,
613 2267 692 2334 Veni,
706 2269 809 2336 inquit,
816 2284 866 2336 pc-

69 2356 118 2410 ter,
129 2345 196 2398 vera.

124 2420 172 2473 Vl.
192 2419 287 2489 Neque
303 2433 337 2470 ex
352 2434 385 2470 eo
401 2418 507 2472 destitit
521 2421 682 2488 participem
698 2425 779 2488 atque
793 2423 866 2469 tuto-

69 2513 126 2548 rem
136 2496 247 2564 imperii
258 2511 348 2562 agere.
387 2493 580 2564 Triumphauit
590 2511 649 2546 cum
661 2500 752 2562 patre,
773 2509 866 2546 censu-

68 2587 184 2640 ramque
197 2571 284 2638 gessit
296 2585 361 2621 nna.
399 2567 496 2621 Eidem
513 2569 620 2637 collega
633 2569 703 2620 etin
716 2568 868 2621 tribunicia

69 2651 221 2715 potestate,
242 2652 269 2698 et
282 2646 311 2696 in
322 2649 425 2712 septem
437 2645 625 2696 consulatibus
635 2642 697 2694 fuit
735 2641 867 2711 Recepta-

70 2738 122 2790 que
128 2721 164 2772 ad
170 2737 199 2774 se
209 2737 296 2791 prope
308 2719 429 2773 omnium
441 2720 593 2772 officionun
605 2733 769 2788 cura,quum
780 2721 868 2785 patris

70 2796 181 2852 nomine
192 2801 220 2852 et
228 2797 362 2868 epistolas
373 2796 433 2866 ipse
450 2795 580 2862 dictaret,
601 2803 627 2849 ct
642 2791 734 2848 edicta
749 2797 868 2850 conscri-
