2036 3022
124 245 175 298 all
405 246 431 291 C.
454 241 645 292 SUETONll

127 370 268 425 cohortem
279 369 430 438 alan1‚post
440 368 511 420 alam
522 370 691 421 tribunatum
701 367 822 436 legionis
833 368 932 435 daret;

105 443 108 452 '
126 446 317 516 stipendiaque
327 446 460 509 instituit,
472 451 500 496 et
508 445 689 512 imaginariae
700 445 817 497 militiae
828 460 931 512 genus,
1004 509 1005 522 ἵ

127 522 203 591 quod
212 528 328 573 vocatur
339 519 422 586 Super
432 536 575 582 nanterum,
588 535 641 586 quo
654 521 790 584 absentes,
802 526 831 571 et
840 521 929 572 titulo
1004 527 1005 560 ³

126 606 218 661 tenus,
233 596 417 664 iungerentur.
455 595 560 646 Milites
575 595 672 646 domos
683 595 840 646 senatorias
851 596 930 646 salu·
1004 589 1005 620 ³

126 673 206 723 tandi
216 687 300 722 causa
309 668 425 736 ingredi,
437 671 519 720 etiam
530 676 637 737 patrum
649 670 759 721 decreto
770 669 930 738 prohibuit.

127 746 300 808 Libertinos,
321 745 369 812 qui
383 760 412 795 se
426 761 476 812 pro
498 746 636 813 equitibus
649 745 783 796 Romanis
801 752 929 812 agerent,

127 820 287 889 publicavit.
318 819 453 886 Ingratos,
465 819 535 871 etde
547 821 645 888 quibus
655 819 767 888 patroni
778 835 930 888 quereren-

127 904 184 959 tur,
205 894 345 946 revocavit
364 894 393 944 in
413 895 584 957 servitutem;
610 895 806 962 advocatisque
827 911 929 948 eorum

127 970 249 1038 negavit,
270 986 299 1021 se
316 969 445 1020 adversus
459 969 573 1021 libertos
587 969 710 1036 ipsorum
720 969 763 1020 ins
775 969 927 1022 dictinum.

129 1047 217 1108 Quum
234 1045 346 1114 quidam
361 1059 444 1112 aegra
458 1050 485 1094 et
500 1041 600 1096 affecta
614 1045 752 1110 mancipia
761 1045 792 1096 in
801 1044 927 1096 insulam
1004 1109 1005 1118 ἵ

126 1121 284 1189 Aesculapii
294 1120 387 1172 taedio
403 1119 530 1170 medendi
544 1126 722 1185 exponerent,
745 1135 854 1184 omnes,
878 1122 926 1188 qui
1004 1121 1005 1124 ’

128 1201 335 1264 exponerentur,
348 1193 449 1246 liberos
461 1209 520 1245 esse
530 1195 629 1258 sanxit,
639 1210 689 1245 nec
696 1194 789 1245 redire
799 1194 830 1244 in
841 1195 927 1246 ditio-

127 1288 189 1322 nem
204 1271 322 1333 domini,
344 1269 369 1321 si
384 1267 598 1320 convaluissent:
622 1269 722 1336 quodsi
742 1269 804 1336 quis
823 1285 926 1322 necare

127 1346 222 1396 mallet
237 1360 413 1411 quemquam,
434 1355 515 1410 quam
531 1358 680 1410 exponere,
701 1344 794 1396 caedis
809 1345 926 1396 crimine

127 1421 223 1471 teneri.
262 1419 391 1470 Viatores
401 1435 434 1470 ne
445 1435 494 1485 per
503 1417 601 1470 Italiae
613 1419 727 1488 oppida,
747 1418 803 1470 nisi
819 1426 869 1470 aut
879 1435 925 1486 pe-

128 1496 217 1558 dibus,
230 1500 277 1551 aut
287 1493 363 1558 sella,
371 1499 418 1543 aut
428 1493 526 1554 lectica
535 1495 692 1558 transirent,
703 1494 810 1545 monuit
821 1494 924 1546 edicto.

127 1569 251 1620 Puteolis
262 1573 289 1619 et
300 1569 394 1621 Ostiae
410 1568 532 1634 singulas
548 1567 674 1632 cohortes
690 1568 726 1619 ad
736 1569 873 1620 arcendos
884 1571 925 1620 in-

129 1646 288 1696 cendiorum
299 1658 378 1694 casus
390 1641 545 1695 collocavit.
576 1642 741 1710 Peregrinae
753 1644 924 1704 conditionis

127 1719 251 1769 hominos
262 1718 348 1768 vetuit
358 1732 491 1783 usurpare
502 1717 627 1769 Romana
641 1719 765 1783 nomina,
788 1718 925 1771 duntaxat

127 1792 277 1858 gentilicia.
318 1792 463 1844 Civitatem
473 1792 625 1844 Romanam
636 1799 799 1859 usurpantes
809 1793 840 1844 in
851 1809 924 1844 cam-

127 1884 163 1936 po
175 1867 320 1934 Esquilino
332 1867 422 1918 secrui
436 1868 578 1936 percussit.
617 1867 779 1919 Provincias
789 1867 923 1920 Achaiam

129 1950 156 1995 et
165 1943 366 2007 Macedoniam,
379 1958 446 2009 quas
457 1941 585 1996 Tiberius
596 1943 631 1993 ad
642 1959 735 1994 curam
745 1957 824 1992 suam
834 1949 924 1994 trans·

127 2020 237 2082 tulerat,
249 2019 358 2070 senatui
368 2017 496 2070 reddidit.
526 2016 623 2083 Lyciis
635 2019 669 2070 ob
681 2017 840 2068 exitiabiles
851 2019 924 2069 inter

128 2112 157 2146 se
169 2094 323 2145 discordias
337 2093 493 2144 libertatem
508 2091 623 2154 ademit;
643 2091 760 2143 Rhodiis
776 2091 812 2143 ob
827 2093 922 2161 poeni-

126 2171 240 2220 tentiam
271 2175 391 2218 veterum
417 2167 578 2218 delictorum
598 2167 727 2218 reddidit.
765 2166 921 2230 Iliensibus,

128 2245 208 2312 quasi
218 2243 359 2293 Romanae
369 2243 457 2309 gentis
469 2241 642 2306 auctoribus,
663 2242 767 2292 tributa
782 2242 811 2291 in
826 2257 921 2310 perpe·

127 2327 203 2369 tuum
214 2318 328 2381 remisit,
340 2319 456 2368 recitata
465 2321 555 2366 vetere
567 2317 685 2382 epistola
691 2315 799 2367 Graeca
809 2323 920 2368 senatus
1004 2313 1005 2320 ’

126 2393 278 2462 populique
288 2393 418 2455 Romani,
441 2390 554 2442 Seleuco
566 2392 625 2457 regi
635 2391 785 2464 amicitiam
797 2396 824 2441 et
834 2390 920 2443 socie-

127 2475 211 2520 tatem
221 2469 262 2518 ita
273 2466 380 2519 demum
390 2464 558 2532 pollicentis,
580 2467 605 2516 si
620 2465 840 2532 consanguineos
856 2480 920 2517 suos

126 2541 240 2593 ilienses
256 2543 290 2592 ab
305 2541 380 2592 omni
395 2555 477 2592 onere
495 2539 628 2592 immunes
647 2541 841 2608 praestitisset.
878 2541 920 2591 lu-

129 2614 226 2680 daeos,
236 2616 387 2682 impulsore
399 2614 513 2666 Chresto
525 2616 635 2668 assidue
645 2615 856 2680 tumultuantes,
867 2613 919 2668 Ro-

127 2703 174 2740 ma
188 2690 301 2757 expulit.
342 2689 540 2742 Germanorum
556 2691 655 2758 legatis
668 2692 698 2742 in
718 2688 861 2742 orchestra
880 2707 919 2742 se-

129 2759 192 2815 dere
202 2764 339 2832 permisit,
361 2766 537 2836 simplicitate
551 2781 644 2820 eorum
662 2773 689 2820 et
704 2765 806 2820 fiducia
819 2772 918 2847 motus,
