2050 3034
307 241 498 290 TIBERIUS.
535 241 614 290 GAP.
634 245 748 293 23-26.
879 245 930 297 129

127 367 199 422 mini
210 371 399 436 compararat3
414 373 442 420 et
451 367 486 418 L.
498 365 660 420 Scribonius
670 368 753 432 Libo,
764 371 807 422 vir
816 374 929 439 nobilis,

127 461 175 497 res
188 459 277 496 novas
293 444 363 495 clam
378 444 558 504 moliebatur;
583 450 611 496 et
625 443 726 511 duplex
740 445 841 498 seditio
856 449 928 500 mili·

124 527 187 572 tum
198 521 227 570 in
237 519 351 586 lllyrico
363 520 429 570 etin
441 517 590 570 Germania
604 524 702 570 exorta
715 526 765 571 est.
805 521 929 590 Flagita-

125 597 196 646 bant
216 595 298 645 ambo
319 595 455 645 exercitus
480 595 567 646 multa
592 601 671 646 extra
695 596 833 660 ordincm3
864 605 927 650 ante

127 671 232 733 omnia,
242 676 275 720 ut
285 675 469 736 aequarentur
479 670 616 737 stipendio
627 671 823 737 praetorianis.
859 672 926 725 Ger-

126 746 279 797 maniciani
304 745 413 813 quidem
438 745 521 795 etiam
546 746 697 813 principem
726 748 925 812 detrectabant,

125 837 183 873 non
194 836 211 871 a
221 837 251 871 se
261 820 369 882 datum3
384 835 544 888 summaque
553 822 582 872 vi
594 820 796 888 Germanicum,
809 825 926 891 quitum

124 897 164 948 iis
175 901 312 962 praeerat,
334 895 370 946 ad
382 895 578 963 capessendum
588 897 785 965 rempublicam
796 916 925 968 perurge-

124 973 206 1034 bant,
228 985 385 1038 quanquam
401 972 536 1022 offirmata
546 973 729 1023 resistentem.
769 974 857 1033 Quem
867 992 925 1026 ma·

122 1048 198 1098 xime
209 1061 303 1106 casum
313 1045 420 1110 timens,
431 1051 524 1114 partes
535 1046 602 1108 sibi,
620 1061 688 1112 quas
699 1049 808 1097 senatui
817 1049 924 1114 liberet,

122 1120 242 1173 tuendas
257 1121 285 1170 ln
299 1122 441 1188 republica
457 1121 633 1188 depoposcit}
654 1121 764 1188 quando
782 1124 924 1175 universae

123 1197 250 1249 sufficere
261 1195 337 1247 solus
347 1211 427 1248 nemo
437 1201 540 1263 posset,
546 1196 600 1246 nisi
612 1211 672 1247 erun
684 1197 781 1262 altero,
788 1199 831 1250 vel
840 1200 924 1250 etiam

124 1289 186 1324 cum
206 1271 341 1340 pluribus.
381 1271 528 1323 Simulavit
547 1278 575 1322 et
588 1269 785 1336 valetudinem,
808 1290 863 1341 quo
880 1290 923 1326 ae-

123 1346 222 1416 quiore
233 1347 326 1397 animo
339 1345 519 1398 Germanicus
531 1347 645 1398 celerem
658 1349 868 1414 successionem,
879 1350 924 1400 vel

123 1428 197 1475 certe
208 1423 368 1473 societatem
379 1423 550 1489 principatus
562 1423 743 1490 opperiretur.
778 1425 920 1493 Composi-

122 1499 163 1549 tis
182 1497 378 1561 seditionibus,
401 1497 566 1548 Clementem
587 1513 709 1564 quoque,
730 1498 828 1551 fraude
843 1500 920 1552 dece-

124 1579 213 1641 ptum,
228 1572 374 1640 redegitin
384 1577 558 1640 potestatem.
596 1571 745 1636 Libonem,
765 1589 800 1624 ne
815 1571 883 1641 quid
892 1576 921 1624 in

123 1649 246 1700 novitate
257 1648 383 1699 acerbius
394 1649 485 1712 lieret,
505 1647 626 1700 secundo
637 1647 745 1699 demum
757 1663 828 1700 anno
840 1649 868 1698 in
880 1665 920 1700 se-

121 1727 191 1775 natu
201 1724 341 1790 coarguit,
357 1723 448 1776 medio
459 1724 592 1790 temporis
603 1724 695 1790 spatio
705 1729 813 1775 tantum
824 1739 920 1776 cavere

124 1804 278 1850 contentus.
317 1797 388 1850 Nam
402 1805 430 1850 ct
444 1800 517 1849 inter
530 1798 675 1864 pontifices
694 1800 864 1850 sacrificanti
884 1799 920 1850 si-

121 1874 179 1925 mul
193 1889 244 1941 pro
259 1875 394 1942 secespita
408 1873 566 1941 plumbeum
582 1872 699 1923 cultrum
719 1874 920 1925 subiiciendum

122 1950 244 2001 muavit:
261 1955 289 2000 et
298 1955 432 2001 secretum
442 1947 555 2016 petenti,
566 1947 678 1998 nonnisi
689 1945 815 1999 adhibito
826 1947 918 1999 Druso

119 2025 190 2089 tilio,
202 2024 290 2076 dedit:
306 2024 484 2093 dextramque
496 2021 710 2086 obambulantis,
721 2021 807 2072 veluti
816 2024 920 2074 incum-

118 2101 196 2164 bens,
208 2099 302 2169 quoad
312 2105 490 2168 perageretur
498 2112 599 2162 sermo,
611 2096 756 2148 continuit.

175 2174 277 2226 XXVI.
298 2172 399 2226 Verum
411 2175 545 2227 liberatus
555 2180 637 2236 metu,
650 2173 758 2225 civilem
770 2173 919 2227 admodum

117 2252 191 2302 inter
200 2250 292 2314 initia,
305 2265 338 2300 ac
347 2250 442 2318 paullo
454 2253 544 2303 minus
555 2266 637 2320 quam
649 2250 787 2318 privatum
798 2252 863 2318 egit.
875 2251 917 2300 Er

117 2325 246 2394 plurimis
261 2326 443 2392 maximisque
463 2325 616 2378 honoribus
636 2331 745 2393 praeter
765 2341 871 2393 paucos
891 2331 919 2376 et

116 2399 245 2452 modicos
254 2416 310 2452 non
321 2402 433 2467 recepit.
462 2400 590 2452 Natalem
601 2417 689 2464 snum,
700 2401 817 2468 plebeiis
826 2401 917 2452 incur-

115 2482 222 2528 rentem
240 2475 427 2541 Circensibus,
447 2475 494 2526 vix
508 2477 590 2526 unius
605 2477 686 2543 bigae
702 2475 857 2528 adiectione
867 2473 917 2525 ho-

115 2552 214 2606 norari
224 2566 323 2618 passus
334 2557 383 2602 est.
422 2549 546 2617 Templa,
558 2551 691 2613 flamines,
702 2551 860 2601 sacerdotes
872 2551 917 2600 de·

117 2627 194 2678 cerni
208 2626 264 2678 sibi
278 2624 434 2694 prohibuit;
458 2625 541 2676 etiam
556 2631 662 2676 stamas
677 2627 759 2687 atque
772 2623 916 2688 imagines,

114 2702 172 2753 nisi
182 2702 357 2770 permittente
368 2716 405 2765 sc,
416 2699 497 2768 poni;
516 2697 695 2766 permisitque
706 2709 740 2746 ca
750 2695 813 2760 sola
823 2696 914 2747 condi-

114 2778 202 2841 tione,
208 2793 243 2830 ne
252 2778 327 2829 inter
337 2775 483 2829 simulacra
496 2773 619 2835 deomnr,
626 2770 750 2822 sedinter
756 2776 917 2822 ornamenta

151 2869 300 2917 suarum
700 2864 710 2908 1
