2044 3028
333 292 458 339 TITUS.
495 291 572 338 CAP.
592 293 690 338 8-10.
862 289 910 344 321

113 421 196 472 Duos
207 416 318 486 patricii
328 418 436 484 generis
448 417 589 468 convictos
600 417 628 467 in
640 415 816 470 affectatione
826 417 911 486 impe·

112 497 160 558 rii,
171 492 242 544 nihil
253 492 370 560 amplius
382 509 463 560 quam
473 497 505 542 ut
515 492 678 544 desisterent
687 495 801 558 monuit,
808 495 910 558 dicens,

110 569 293 639 principatum
297 567 363 638 fato
374 566 447 617 dari:
471 566 495 616 si
504 567 713 634 qnidpraeterea
723 567 908 632 desiderarent,

114 645 279 712 promittens
298 658 325 692 se
345 642 519 693 tributuram.-
544 649 571 693 et
592 641 735 695 confestim
751 643 859 711 quidem
875 645 911 694 ad

116 720 231 770 alterius
241 723 368 780 matrem,
390 733 461 784 quae
471 719 568 782 procul
579 719 686 783 aberat,
708 735 833 771 cursores
844 734 909 770 suos

113 795 204 858 misit,
225 793 273 860 qui
287 793 385 842 anxiae
401 791 487 840 filium
502 792 607 842 salvum
625 795 793 846 nunciarent.
834 797 909 846 Cete-

115 887 177 922 rum
186 870 264 936 ipsos
274 883 330 918 uon
340 867 430 917 solum
440 865 574 916 familiari
586 883 687 920 coenae
703 868 840 935 adhibuit,
862 870 910 921 sed

116 952 143 998 et
153 943 308 1012 insequenti
324 941 367 992 die
382 939 567 1007 gladiatorum
584 943 740 1008 spectaculo
754 946 827 996 circa
837 963 865 996 se
877 959 910 996 ex

114 1019 253 1072 industria
264 1017 419 1079 collocatis,
442 1015 537 1066 oblata
551 1017 605 1066 sibi
615 1017 779 1068 ferramenta
788 1035 910 1086 pugnan-

114 1098 186 1146 tium
203 1091 375 1159 inspicienda
387 1091 519 1156 porrexit.
559 1090 669 1142 Dicitur
683 1093 778 1157 etiam,
800 1096 911 1160 cognita

114 1170 260 1236 utriusque
269 1168 408 1234 genitura,
425 1164 560 1216 imminere
575 1167 698 1217 ambobus
708 1168 855 1234 periculam
870 1169 910 1219 af-

115 1247 254 1306 firmasse,
275 1257 363 1292 aarum
374 1241 538 1307 quandoque,
561 1241 710 1304 etabalio,·
730 1244 909 1294 sicutevenit.

114 1321 250 1381 Fratrem,
261 1317 389 1367 insidiari
399 1316 453 1367 sibi
463 1330 519 1366 non
530 1316 709 1381 desinentem,
722 1318 769 1368 sed
779 1335 866 1385 paene
877 1335 910 1370 ex

116 1394 244 1464 professo
256 1391 449 1443 sollicitantem
461 1391 609 1455 exercitus,
620 1392 797 1444 meditantem
807 1392 909 1461 fugam,

116 1485 168 1521 nec
179 1467 304 1519 occidere
314 1482 402 1535 neque
412 1481 544 1532 seponere
556 1483 588 1516 ac
598 1483 631 1517 ne
641 1467 671 1516 in
682 1468 786 1519 minore
798 1470 908 1534 quidem

116 1543 223 1596 honore
234 1541 334 1593 habere
344 1541 487 1592 sustinuit:
502 1541 559 1605 sed,
569 1547 601 1591 ut
611 1556 627 1591 a
637 1543 726 1609 primo
737 1543 846 1610 imperii
856 1543 908 1606 die,

118 1623 274 1672 consortem
285 1631 524 1684 successoremque
534 1617 630 1667 testari
640 1619 831 1684 perseveravit,
842 1635 909 1670 non-

116 1709 258 1761 nunquam
268 1698 372 1743 secreto
384 1691 505 1741 lacrimis
516 1699 543 1742 et
552 1693 679 1760 precibus
695 1709 789 1758 orans,
810 1703 842 1746 at
852 1703 909 1745 tan-

117 1771 176 1822 dem
186 1775 276 1818 maluo
287 1782 353 1836 erga
363 1782 389 1816 se
400 1764 486 1816 animo
497 1767 572 1817 vellet
581 1783 642 1816 esse.

174 1843 209 1894 X.
229 1841 303 1893 luter
312 1840 380 1892 haec
390 1846 478 1892 morte
492 1847 655 1907 praeventus
671 1849 724 1906 est,
745 1845 850 1896 maiore
861 1844 909 1896 ho-

118 1921 222 1972 minum
233 1918 342 1981 damno,
354 1931 436 1982 quam
446 1929 506 1966 suc.
546 1915 715 1982 Spectaculis
727 1919 870 1982 absolutis,
881 1923 910 1970 iu

119 2010 236 2064 quorum
246 1993 299 2043 tine
309 1991 412 2059 populo
425 2005 518 2042 coram
528 1991 645 2042 ubertim
655 1991 779 2056 fleverat,
792 1993 910 2045 Sabinos

118 2071 189 2138 petit
200 2068 341 2136 aliquanto
352 2066 472 2129 tristior,
494 2067 567 2134 quod
583 2067 751 2118 sacrificanti
761 2067 852 2120 hostia
864 2085 910 2119 au-

118 2146 236 2212 fugerat,
243 2141 370 2210 quodque
380 2146 540 2207 tempestate
552 2157 647 2192 serena
655 2148 792 2194 tonuerat.
804 2143 910 2196 Deinde

117 2221 236 2289 primam
247 2217 339 2267 statim
350 2214 385 2265 ad
400 2216 568 2266 mansionem
582 2216 680 2267 febrim
695 2225 804 2282 nactus,
826 2219 909 2286 q'uum

119 2295 183 2347 inde
193 2292 292 2344 lectica
301 2289 507 2354 transferretur,
520 2291 675 2357 suspexisse
686 2293 787 2344 dicitur
798 2294 910 2344 dimotis

118 2369 240 2439 plagulis
256 2366 374 2429 coelum,
395 2365 562 2435 multumque
582 2373 759 2436 conquestus,
781 2368 848 2435 eripi
861 2368 912 2418 sibi

118 2445 201 2496 citam
215 2440 376 2494 immerenti.-
395 2455 476 2506 nepae
491 2439 559 2492 enim
574 2451 677 2493 exstare
690 2444 770 2493 allam
784 2443 910 2514 snamfa-

119 2529 192 2572 ctam
203 2517 400 2585 poenitendam,
423 2525 528 2582 excepto
543 2517 674 2568 duntaxat
687 2533 746 2568 nno.
784 2518 816 2568 ld
831 2517 910 2584 quale

119 2593 216 2656 fuerit,
237 2591 468 2660 nequeipsetunc
478 2591 612 2657 prodidit,
632 2607 719 2660 neque
734 2593 860 2661 cuiquam
871 2593 910 2643 la-

120 2669 173 2722 oile
185 2672 335 2718 succurrat.
375 2665 492 2727 Quidam
508 2667 666 2731 opinantur,
688 2669 911 2720 consuetudinem.

119 2742 308 2806 recordatum,
320 2756 402 2808 quam
413 2756 472 2792 cum
483 2740 577 2792 fratris
587 2757 673 2794 uxore
683 2739 818 2794 habuerit.
858 2743 911 2794 Sed

120 2819 224 2874 nullam
240 2816 380 2882 habuisse,
401 2823 542 2886 persancte
557 2816 682 2870 Domitia
695 2818 818 2885 iurabat,
838 2817 911 2896 haud

156 2914 301 2960 sunnon.
683 2909 708 2958 X
