2036 3022
75 159 77 165 ⁵
111 181 163 245 ino
392 193 419 244 c.
441 179 662 244 sunronrt·

112 320 163 387 pit.
202 317 261 372 Nec
276 320 432 388 corrupisse
448 326 604 385 contentis,
620 319 690 372 adeo
706 318 817 384 dilexit,
831 325 868 372 nt
881 330 921 372 ne

50 376 71 410 “
110 393 226 446 rivalem
236 395 347 464 quidem
357 394 494 448 Neronem
505 411 594 464 aequo
605 394 702 446 tulerit
712 395 816 446 animo.
848 394 919 447 Gre-

112 470 189 521 ditur
197 477 270 522 certe
280 485 337 522 non
347 471 430 522 modo
442 472 542 522 misem
553 470 589 523 ad
599 470 792 522 arcessendam
801 485 862 521 non
873 485 918 522 re·

111 545 229 611 cepisse,
240 545 289 597 sed
298 546 389 614 ipsum
399 546 484 598 etiam
493 545 643 598 exclusisse
653 544 794 614 quondam
805 559 860 612 pro
872 544 917 598 fo·
1006 595 1007 614 ,

110 620 189 672 ribus
203 626 351 683 astantem,
361 621 573 688 miscentemque
587 619 692 672 frustra
706 621 796 670 missas
807 626 837 672 et
850 635 916 688 pre·

25 758 27 766 Α
110 710 168 758 ces,
193 709 227 746 ac
250 695 406 763 depositum
429 702 625 764 reposcentem.
674 694 768 756 Quare
792 693 915 752 diducto

110 769 300 834 matrimonio,
315 770 454 838 sepositus
469 777 511 822 est
524 783 573 838 per
588 783 700 821 causam
714 768 870 836 legationis
884 771 915 820 in

109 842 293 896 Lusitaniam.
316 843 349 897 ld
359 845 428 897 satis
437 847 535 909 visum,
547 861 581 896 ne
591 859 681 914 poena
691 845 783 894 amiur
793 845 915 896 numum

111 933 218 970 omnem
228 918 402 988 divulgaret,
423 921 472 987 qui
485 927 577 972 tamen
591 920 631 972 sic
643 934 753 987 quoqne
763 916 819 970 boc
830 919 913 972 disti-

110 991 162 1044 cho
173 995 299 1047 enotuit:

177 1067 231 1122 Cirr
242 1066 314 1122 Ollio
323 1070 431 1122 incanto
442 1069 485 1135 sit,
497 1070 632 1138 pacemne,
644 1072 719 1124 aaut
726 1070 844 1122 bonore!

257 1144 353 1198 Uxoris
362 1144 483 1198 moechus
493 1155 616 1213 coeperat
625 1163 678 1198 esce
687 1161 759 1198 cuae.

108 1217 285 1272 Provinciam
296 1221 498 1274 administravit
508 1222 684 1288 quaestorius
694 1221 850 1290 perdecem
862 1237 911 1272 an·

108 1309 169 1359 nos,
180 1295 370 1348 moderatione
381 1303 463 1362 atque
474 1297 641 1349 abstinentia
650 1296 795 1363 singulari.

165 1367 213 1422 IV.
233 1370 270 1422 Ut
279 1371 390 1422 tandem
405 1371 516 1423 occasio
530 1372 647 1424 ultionis
658 1371 725 1423 data
734 1377 789 1436 est,
801 1372 910 1423 conati-

109 1443 162 1496 bus
173 1441 280 1496 Galbae
294 1445 398 1514 primus
413 1447 547 1497 accessit:
567 1448 717 1514 eodemque
728 1452 872 1498 momento
883 1451 911 1498 et

108 1518 169 1584 ipse
183 1535 260 1588 spem
277 1520 387 1589 imperii
406 1520 489 1588 cepit,
511 1535 639 1587 magnam
656 1521 767 1590 quidem
788 1534 823 1572 ex
844 1537 909 1572 con-

65 1601 69 1610 ·
110 1593 215 1646 ditione
229 1601 396 1661 temporum,
416 1595 465 1644 sed
480 1594 622 1661 aliquanto
637 1597 771 1648 maiorem
785 1609 820 1646 ex
835 1597 909 1647 affir-

109 1669 231 1720 matione
248 1667 356 1719 Seleuci
369 1665 570 1730 mathematiei;
593 1671 641 1737 qui
656 1685 740 1738 quum
754 1685 818 1721 eum
839 1671 908 1722 olim

109 1742 285 1808 superstitem
294 1740 400 1792 Neroni
412 1741 473 1794 fore
483 1745 691 1812 spopondisset,
702 1751 769 1796 tunc
777 1743 853 1796 ultro
866 1747 906 1796 in-

110 1816 238 1882 opinatus
254 1816 413 1881 advenerat,
434 1819 632 1883 imperaturum
646 1834 757 1888 quoque
771 1819 851 1872 brevi
865 1836 905 1871 re-

108 1893 280 1958 promittens.
319 1890 404 1944 Nullo
423 1893 510 1960 igitur
531 1895 618 1946 officii
637 1900 687 1946 aut
700 1895 863 1946 ambitionis
876 1897 905 1946 in

109 1982 274 2036 quemquern
288 1981 386 2034 genere
401 1968 517 2031 omisso,
530 1969 639 2036 quoties
655 1984 741 2021 coena
752 1969 904 2037 principem

110 2042 259 2109 acciperet,
275 2057 375 2094 aureos
390 2043 538 2094 excubanti
553 2041 663 2096 cohorti
678 2043 785 2096 viritim
799 2045 903 2096 divide-

108 2114 174 2168 bat:
195 2132 246 2167 uec
255 2131 289 2167 eo
299 2117 390 2168 rninus
400 2117 486 2168 alium
497 2117 553 2169 alia
562 2119 610 2170 via
619 2118 737 2170 militnm
748 2118 903 2172 demereba-

108 2195 163 2241 tur.
203 2190 320 2242 Cuidam
333 2192 417 2244 etiam
430 2192 464 2244 de
474 2199 551 2260 parte
566 2193 662 2244 linium
673 2209 736 2246 eum
743 2193 838 2245 vicino
850 2193 904 2246 liti-

109 2265 187 2330 genti
202 2263 342 2316 adhibitus
358 2267 469 2332 arbiter,
480 2273 570 2318 totum
581 2283 677 2336 agrum
686 2268 803 2321 redemit
813 2284 903 2320 eman-

110 2339 283 2408 cipavitque3
303 2341 400 2392 utiam
413 2341 461 2393 vix
473 2340 548 2392 ullus
559 2350 643 2407 esset,
659 2344 707 2410 qni
720 2344 905 2397 consentiret

109 2423 136 2463 et
144 2414 330 2482 praedicaret,
342 2416 433 2467 solum
442 2417 627 2470 successionis
637 2419 748 2488 imperii
757 2419 881 2486 dignum.

164 2486 199 2539 V.
220 2487 384 2556 Speraverat
394 2497 485 2542 autem
495 2489 564 2556 lore,
574 2500 607 2546 ut
617 2493 799 2561 adoptaretur
809 2509 827 2546 a
838 2492 903 2546 Gal-

110 2557 164 2621 ba;
184 2561 268 2629 idque
282 2563 312 2615 in
326 2564 385 2616 dies
395 2566 583 2631 exspectabat.
622 2568 677 2621 Sed
686 2576 848 2637 postquam,
859 2569 903 2622 Pi-

109 2645 176 2684 sone
186 2635 326 2702 praelato,
337 2655 385 2706 spe
396 2639 512 2704 decidit,
524 2642 560 2692 ad
570 2643 626 2694 rim
637 2659 786 2696 conversus
796 2651 853 2710 est,
862 2645 904 2698 in-

108 2703 226 2769 stigante
250 2725 331 2776 super
355 2713 440 2766 enimi
464 2713 589 2770 dolorem
609 2718 693 2772 etiam
715 2719 904 2788 magnitudine

11 2873 119 2958 ἢ
