2044 3028
272 213 317 262 DE
337 213 451 263 CLARIS
468 215 684 264 nunronmos.
828 211 876 266 sol

80 336 197 404 solitus,
213 341 357 408 proposita
374 340 574 405 controversia,
590 340 687 392 sedens
703 340 835 407 incipere,
853 345 879 390 et

80 416 176 467 calore
197 414 304 466 demum
328 423 472 483 provectus
493 432 657 483 consurgere
679 431 711 466 ac
730 429 900 481 perorare:-

82 491 239 542 declamare
256 497 346 542 autem
364 507 461 558 genere
474 492 567 556 vario,
584 490 666 542 modo
683 489 824 558 splendide
840 494 879 540 at-

83 569 137 634 que
158 566 309 618 adornate:
333 572 404 630 tum,
428 583 461 619 ne
481 583 677 635 usquequaque
697 563 880 616 scholasticus

83 641 295 705 existimaretur,
308 641 467 695 circumcise
478 658 511 693 ac
521 641 641 706 sordide,
653 645 680 692 ct
689 639 878 692 tantummodo

82 716 241 767 trivialibus
261 717 360 768 verbis.
399 717 465 784 ln'git
479 723 506 768 et
520 733 645 782 caussas,
666 732 759 767 verum
779 715 878 776 rarius,

84 791 147 842 dum
164 791 360 858 amplissimam
376 807 511 860 quamque
527 799 660 856 sectatur,
681 807 731 842 nec
746 791 831 840 alium
850 789 879 839 in

83 867 142 916 nlla
163 866 266 930 locum,
288 882 369 933 quam
390 868 547 935 perorandi.
587 867 689 919 Postea
708 865 880 916 renunciavit
914 893 917 902 ·

82 941 159 1005 foro,
174 942 275 1008 partim
290 941 407 1008 pudore,
424 943 524 1010 partim
536 948 617 993 metu.
657 941 726 992 Nam
739 957 835 1006 quum,
850 941 878 989 in

82 1017 130 1067 lite
145 1017 264 1085 quadam
284 1018 485 1081 centumvirali,
503 1018 674 1080 adversario,
691 1014 769 1082 qn'ern
785 1021 816 1064 nt
829 1015 876 1063 im-
946 1033 957 1072 g

81 1091 157 1158 plum
177 1105 243 1158 erga
261 1087 387 1158 parentes
404 1095 574 1156 incessaoat,
594 1091 783 1143 iusiurandum
799 1089 879 1156 quasi

81 1181 130 1232 per
140 1163 257 1234 liguram
267 1167 308 1217 sic
318 1168 464 1219 obtulisset
475 1186 481 1216 :
503 1166 567 1218 lura
577 1183 627 1234 per
637 1165 724 1232 patris
735 1163 878 1230 matrisque

82 1241 195 1303 cineres,
209 1241 255 1307 qni
266 1241 397 1292 inconditi
409 1243 507 1304 iacent,
525 1247 551 1292 et
562 1243 618 1291 alia
627 1243 656 1291 in
667 1240 738 1291 hunc
748 1240 858 1291 modum
871 1255 877 1287 ι

83 1317 233 1383 arripiente
242 1333 275 1368 eo
288 1316 487 1380 conditionem,
499 1333 549 1367 nec
559 1317 697 1367 iudicibus
710 1313 878 1382 aspernanti-

81 1393 141 1456 bus,
163 1407 218 1442 non
238 1391 297 1442 sine
317 1405 417 1458 magna
435 1392 479 1441 sui
496 1392 602 1442 invidia
617 1392 756 1458 negotium
772 1389 879 1440 afflixit.

81 1467 117 1516 Et
131 1480 227 1516 rnrsns
241 1467 270 1516 in
284 1468 443 1532 cognitione
459 1466 563 1530 caedis,
578 1456 744 1529 Mediolani,
757 1465 830 1532 apud
844 1463 878 1513 ln.

8 1597 11 1606 ¹
81 1541 220 1604 Pisonem,
231 1542 432 1608 proconsulem,
446 1541 592 1592 defendens
602 1557 688 1604 reum,
700 1557 791 1609 quum,
804 1537 878 1590 cohi-

7 1613 8 1646 ἕ
82 1618 162 1667 bento
173 1616 271 1667 lictore
280 1617 379 1666 nimias
392 1617 560 1668 laudantium
572 1618 708 1681 vocesita
719 1613 876 1666 excanduis·

81 1698 131 1755 set,
136 1696 176 1754 ut,
183 1691 327 1758 deplorato
332 1691 431 1742 ltaliae
441 1698 525 1756 statu,
532 1694 611 1760 quasi
620 1693 717 1743 iterum
726 1690 878 1741 informem

7 1761 8 1782 ³
81 1767 242 1832 provinciae
252 1766 565 1832 redigeremr,lilarcum
575 1769 687 1833 insuper
697 1767 820 1829 Brutum,
833 1781 877 1816 cu-

80 1843 124 1892 ins
140 1847 233 1892 statua
248 1843 277 1891 in
292 1847 440 1910 conspectu
454 1848 525 1905 erat,
536 1843 690 1906 invocaret,
702 1843 791 1908 legum
803 1857 835 1891 ac
846 1840 878 1889 li-

80 1916 197 1971 bertatis
218 1921 357 1967 auctorem
378 1923 405 1967 et
424 1917 571 1982 vindicem,
593 1933 679 1984 paene
698 1931 801 1983 poenas
817 1916 877 1965 luit.

7 2035 8 2040 ,
81 1991 139 2042 lam
161 1996 251 2042 autem
272 1992 383 2056 senior,
410 1993 445 2042 oh
466 1991 562 2043 vitium
583 1993 708 2044 vomicae
727 1991 877 2042 Novariam

80 2066 183 2132 rediit:
210 2073 416 2136 convocataque
431 2066 521 2132 plebe,
543 2069 661 2132 caussis,
682 2072 795 2133 propter
810 2080 878 2132 quas

81 2142 154 2258 mffi
168 2140 345 2258 destinpsset,
362 2141 453 2193 diuae
466 2157 542 2194 more
554 2143 743 2196 concionantis
753 2140 878 2204 redditis,
911 2138 914 2146 ’

82 2223 132 2259 as
158 2210 216 2257 nuit
229 2209 254 2256 ci
276 2223 301 2258 o.

331 2293 482 2364 (Reliqua
501 2301 637 2365 desunt.)

365 2516 594 2546 *4ομ
