2026 3020
268 208 522 288 ocrnvrsuus.
559 242 636 288 cnr.
656 244 775 288 17-21.
887 241 920 292 59

118 363 154 417 L.
166 363 295 429 Audasii,
307 363 441 416 falsarum
451 365 609 416 tabularum
619 341 671 430 rei,
688 382 721 417 ac
730 383 818 436 neque
829 373 920 421 aetate

119 456 213 509 neque
225 456 339 508 corpore
349 441 463 508 iutegri3
483 441 548 492 item
560 441 648 491 Asinii
659 439 785 510 Epicadi,
797 457 830 493 ex
840 449 920 510 gente

119 513 265 580 Parthina,
277 514 425 582 hybridae;
446 516 481 566 ad
493 521 644 568 extremum
654 514 783 583 Telephi,
795 518 919 581 mulieris

119 591 195 642 servi
209 590 434 642 nomenclatoris.
473 589 544 642 Nam
558 608 592 642 ue
606 592 722 642 ultimae
736 592 848 659 quidem
862 609 920 644 sor-

119 667 156 716 tis
168 664 310 716 hominum
326 666 532 734 conspiratione
547 673 575 717 et
587 666 712 734 periculo
729 668 827 717 caruit:
866 668 919 717 Au-

120 741 216 791 dasius
228 746 310 808 atque
320 741 460 808 Epicadus
469 739 569 794 Iuliam
581 742 666 791 tiliam
678 747 705 792 et
714 741 864 810 Agrippam
873 758 919 795 ne·

118 821 213 884 potem
228 831 262 866 ex
276 816 387 879 insulis,
409 816 509 884 quibus
528 817 751 880 continebantur,
771 832 869 886 rapere
883 818 920 868 ad

119 891 271 952 exercitus3
286 889 437 958 Telephus,
450 891 531 958 quasi
542 891 636 942 debita
650 891 704 942 sibi
719 890 778 942 lato
795 892 919 943 domina-

118 967 209 1030 tione,
235 971 263 1016 et
286 966 376 1033 ipsum
397 971 424 1016 et
444 971 568 1016 senatum
589 965 703 1033 aggredi
722 966 918 1018 destinaverat.

120 1040 194 1101 erin
205 1040 288 1091 etiam
305 1038 443 1108 quondam
458 1041 537 1090 iuxta
553 1040 710 1090 cubiculum
721 1039 780 1090 eius
791 1040 848 1090 lixa
859 1042 919 1112 qui-

119 1115 183 1165 dam
195 1129 229 1166 ex
238 1114 352 1181 illyrico
364 1115 498 1178 exercitu,
510 1115 677 1165 ianitoribus
689 1112 823 1182 deceptis,
834 1121 920 1166 noctu

119 1188 306 1258 deprehensus
317 1195 369 1254 est,
392 1189 480 1240 cultro
497 1187 641 1240 venatorio
653 1189 773 1252 cineh1s3
793 1189 919 1258 imposne

118 1265 232 1329 mentis,
254 1280 288 1314 an
299 1265 430 1316 simulata
441 1263 585 1328 dementia,
597 1265 745 1327 incertum3
765 1262 836 1316 nihil
847 1265 919 1316 enim

117 1340 236 1408 exprimi
246 1339 408 1408 quaestione
419 1341 519 1406 potuit.

174 1415 237 1465 XX.
257 1413 378 1465 Externa
398 1415 472 1465 bella
492 1414 546 1466 duo
569 1415 681 1466 omnino
702 1431 751 1483 per
771 1432 801 1468 se
821 1418 915 1484 gessit,

116 1489 305 1541 Dalmaticum
326 1490 486 1540 adolescens
501 1488 603 1554 adhuc,
625 1495 653 1540 et
666 1491 785 1542 Antonio
807 1493 915 1543 devicto

117 1565 323 1617 Cantabricum.
345 1564 503 1617 Dalmatico
515 1566 598 1616 etiam
608 1563 723 1615 vulnera
734 1566 851 1634 excepit,
861 1583 917 1617 rma

117 1641 191 1704 acie,
214 1640 339 1691 dextrum
359 1655 430 1707 genu
450 1640 543 1708 lapide
563 1641 649 1703 ictns;
671 1639 759 1691 altera
774 1646 801 1690 et
816 1656 878 1691 crus
890 1647 918 1692 et

115 1722 264 1783 utrumque.
274 1714 416 1766 brachium
427 1717 508 1766 ruina
518 1716 610 1784 pontis
622 1716 826 1767 consauciatur.
865 1715 917 1768 Re·
943 1769 948 1776 ,

116 1790 194 1858 lique
213 1805 263 1858 per
282 1789 389 1856 legatos
410 1791 627 1851 administravit3
651 1797 683 1841 ut
696 1797 788 1842 tamen
804 1791 916 1860 quibus-

116 1865 182 1915 dam
197 1863 366 1916 Pannonicis
387 1872 469 1933 atque
485 1865 657 1916 Germanicis
679 1871 727 1915 aut
740 1866 918 1917 interveniret

115 1946 165 1991 aut
184 1956 240 1991 non
256 1939 337 2007 louge
356 1940 477 2004 abesset,
498 1938 656 1989 Ravennam
670 1939 714 1989 vel
727 1938 917 1990 Mediolanum

114 2015 160 2066 vel
170 2015 326 2083 Aquileiam
337 2031 423 2084 usque
435 2014 469 2064 ab
480 2013 553 2064 Urbe
563 2012 751 2081 progrediens.
774 2079 777 2085 ι

173 2089 248 2140 xxi.
269 2089 386 2141 Domuit
395 2096 495 2154 antem,
507 2088 608 2157 partim
620 2089 704 2138 ductu
713 2088 815 2157 partim
826 2090 917 2156 auspi-

116 2166 168 2216 ciis
179 2165 247 2229 snis,
260 2165 447 2230 Cantabriam,
458 2164 644 2234 Aquitaniam,
656 2162 837 2228 Pannoniam,
849 2163 916 2215 Dal-

115 2240 244 2304 matiam,
261 2255 322 2291 cum
332 2240 446 2307 illyrico
463 2241 551 2292 omni:
571 2240 638 2291 item
654 2237 798 2291 Rhaetiam
813 2246 841 2292 et
850 2240 916 2291 Vin-

115 2315 221 2366 delicus
237 2329 270 2366 ac
284 2314 424 2379 Salassos,
445 2322 541 2382 gentes
554 2315 705 2384 lnalpinas.
746 2316 876 2366 coercuit
890 2319 918 2364 et

114 2389 258 2442 Dacorum
278 2386 462 2454 mansiones,
487 2391 576 2442 tribus
602 2407 696 2442 eornm
718 2389 834 2441 ducibus
855 2404 917 2440 cum

113 2479 217 2532 magua
232 2466 314 2535 copia
329 2466 429 2528 caesis,
452 2463 659 2534 Germanosque
673 2465 748 2515 ultra
762 2463 852 2513 Albim
867 2462 917 2512 llu-

112 2541 189 2590 vinm
201 2541 361 2592 summovit:
383 2555 416 2591 ex
434 2539 533 2607 quibus
543 2541 631 2592 Ubios
646 2545 673 2591 et
685 2538 856 2605 Sygambros
872 2535 917 2586 de-

114 2615 210 2667 dentes
232 2631 261 2666 se
281 2615 406 2666 traduxit
424 2615 453 2663 in
475 2613 609 2679 Galliam,
631 2619 714 2681 atque
733 2613 763 2662 in
783 2611 918 2680 proximis

69 2712 75 2726 =
113 2687 211 2743 Rheno
233 2691 315 2758 agris·
330 2689 487 2742 collocavit.
526 2690 603 2739 Alias
622 2689 689 2739 item
704 2687 831 2737 nationes
845 2686 918 2737 male

113 2765 224 2836 quietas
240 2765 276 2816 ad
291 2765 455 2840 obsequium
469 2763 588 2828 redegit:
618 2778 669 2813 nec
687 2761 740 2811 ulli
760 2757 845 2834 genti
856 2761 918 2810 siue
