2036 3022
300 235 416 284 OTHO.
452 237 532 284 GAP.
552 240 650 286 s-la
822 241 871 291 285

73 362 169 420 mavit.
194 359 299 414 Divisit
309 365 337 412 et
345 359 477 428 pecunias
488 359 648 414 domesticis
659 378 693 414 ex
703 365 785 433 copia
795 381 873 433 prae.

72 439 155 494 senti.

130 511 180 565 xl.
199 511 288 579 litque
298 511 339 562 ita
349 517 464 578 paratus
473 512 649 580 intentusque
659 514 716 566 iam
726 515 819 579 morti,
829 520 872 566 tu-

73 589 165 644 multu
177 587 250 639 inter
262 601 355 638 moras
370 592 481 652 exorto,
500 593 533 638 ut
546 604 608 653 eos,
627 589 677 657 qui
691 589 834 643 discedere.
846 584 881 642 et'

76 666 153 718 abire
168 661 347 730 coeptabant,
358 661 463 728 corripi
474 663 555 730 quasi
565 663 732 729 desertores,
744 664 872 716 detineri-

76 756 129 808 que
139 737 225 792 sensit
235 755 242 787 :
262 734 439 798 subdamus,
451 737 554 805 inquit,
565 737 871 804 circummanentem,

74 815 119 868 his
132 814 201 882 ipsis
215 811 385 878 totidemque
397 811 501 876 verbis,
517 815 658 881 vetssitque
672 816 727 867 vim
743 815 871 882 cuiquam

77 889 156 942 lieri:
174 893 203 940 et
221 887 251 938 iu
271 901 361 939 serum
381 901 469 954 usque
488 893 598 954 patente
613 889 755 954 cubiculo,
771 891 796 941 si
810 890 872 960 quis

10 985 11 1028 3
77 965 154 1016 adire
163 962 258 1027 vellet,
269 966 434 1030 potestatem
444 961 489 1012 sui
499 963 634 1028 praebuit.
664 962 733 1014 Post
742 962 819 1028 haec,
831 979 872 1016 se-

10 1031 11 1040 ’
77 1041 143 1092 data
153 1037 201 1090 siti
209 1037 318 1106 gelidae
329 1051 418 1104 aquae
425 1036 553 1104 potione,
565 1037 683 1104 arripuit
694 1037 764 1089 duos
773 1038 871 1106 pugio·

75 1130 138 1178 nes,
152 1118 181 1166 et
190 1111 336 1180 explorata
344 1112 489 1178 utriusque
500 1112 573 1177 acie,
589 1127 673 1180 quum
684 1111 800 1163 alterum
811 1112 871 1182 pul-

73 1190 140 1243 vino
155 1186 337 1251 subdidisset,
351 1185 459 1239 foribus
471 1187 611 1256 adopertis
622 1188 762 1242 artissimo
774 1202 870 1240 somuo

75 1263 190 1334 quierit.
213 1261 265 1314 =Et
275 1263 349 1314 circa
359 1261 448 1314 lucem
459 1263 567 1314 demum
578 1261 799 1331 expergefactos,
813 1278 870 1314 uno

74 1357 105 1392 se
119 1337 230 1391 traiecit
242 1338 301 1389 ictu
314 1335 388 1388 inira
406 1337 513 1390 laevam
526 1337 678 1407 papillam:
697 1338 871 1406 irrumpenti-

72 1413 227 1484 busquead
238 1413 356 1481 primum
364 1412 508 1479 gemitum,
519 1413 602 1464 modo
615 1413 720 1479 celans,
730 1413 814 1465 modo
826 1413 871 1464 de·

20 1489 22 1492 ’
73 1498 170 1560 tegens
184 1488 308 1557 plagam,
319 1487 491 1539 exanimatus
501 1493 555 1552 est,
567 1494 595 1539 et
605 1489 729 1541 celeriter
745 1491 820 1553 (nam
830 1489 872 1538 ita

73 1565 266 1636 praeceperat)
286 1561 442 1626 funeratus,
457 1563 598 1615 tricesimo
614 1569 641 1616 et
655 1570 754 1616 octavo
771 1562 870 1615 aetatis

74 1655 162 1705 anno,
174 1644 202 1692 et
210 1637 388 1704 nonagesimo
400 1643 427 1688 et
437 1638 533 1706 quinto
543 1638 654 1706 imperii
663 1639 716 1691 die.

131 1713 193 1766 Xll.
214 1713 305 1764 Tanto
327 1709 444 1763 Othonis
464 1713 556 1764 animo
576 1729 750 1782 nequaquam
771 1729 871 1782 corpus

72 1796 124 1843 aut
136 1787 249 1840 habitus
265 1787 415 1854 competiit.
452 1785 551 1839 Fuisse
561 1789 633 1840 enim
647 1789 766 1842 traditur
777 1789 804 1842 'et
813 1805 871 1840 mo-

73 1867 155 1918 dicae
170 1868 306 1927 staturae,
322 1867 350 1913 et
363 1860 435 1912 male
448 1859 565 1928 pedatus
575 1863 775 1929 scambusque:
794 1879 871 1914 mun-

73 1942 207 1994 ditiarum
218 1953 283 1992 vero
295 1952 381 2004 paene
391 1935 580 2001 muliebrium,
590 1932 670 1988 vulso
682 1952 812 2005 corpore,
823 1952 871 2006 ga-

71 2015 192 2070 lericulo
208 2013 293 2083 capiti
306 2018 421 2082 propter
429 2012 571 2065 raritatem
583 2011 746 2080 capillorum
758 2011 871 2079 adapta-

71 2099 103 2144 to
120 2097 149 2143 et
163 2103 284 2155 annexu,
294 2093 326 2141 ut
338 2088 418 2140 nemo
435 2087 628 2156 dignosceret:
649 2083 716 2156 quiu'
730 2092 758 2140 et
771 2086 871 2140 faciem

72 2165 202 2234 quotidie
215 2165 345 2229 rasitare,
357 2179 390 2215 ac
400 2178 470 2230 pane
480 2162 592 2215 madido
603 2162 689 2215 linere
701 2169 871 2229 consuetum,

69 2243 158 2310 idque
172 2239 326 2292 instituisse
341 2254 358 2291 a
371 2238 461 2306 prima
474 2238 617 2306 lanugine,
631 2255 665 2291 ne
679 2238 812 2292 barbatus
822 2255 871 2290 un-

70 2332 159 2385 quam
173 2320 263 2368 esset:
283 2329 365 2366 sacra
378 2313 462 2364 etiam
475 2312 558 2365 isidis
572 2328 655 2382 saepe
667 2315 698 2365 ln
712 2313 799 2366 lintea
808 2313 872 2366 reli-

68 2393 211 2460 giosaque
223 2395 298 2442 veste
312 2387 458 2457 propalam
474 2388 635 2441 celebrasse.
678 2388 731 2440 Per
746 2404 817 2457 quae
830 2387 872 2439 ia-

70 2473 151 2518 ctum
162 2470 268 2533 putem,
282 2470 315 2517 ut
327 2479 402 2515 mors
413 2462 485 2527 eius,
501 2463 611 2516 minime
622 2478 775 2531 congruens
784 2463 871 2527 vitae,

68 2540 178 2594 maiori
187 2539 322 2591 miraculo
333 2538 425 2592 fuerit
465 2536 549 2590 Multi
558 2538 743 2609 praesentium
753 2537 872 2590 militum

70 2632 139 2670 euro
153 2615 272 2685 plurimo
287 2614 354 2666 fletu
367 2626 464 2664 manus
479 2627 512 2664 ac
529 2613 613 2681 pedes
626 2611 743 2666 iacentis
758 2627 872 2666 exoscu-

67 2691 139 2756 lati,
152 2688 330 2762 fortissimum
339 2688 436 2752 sirum,
447 2685 554 2741 undum
567 2687 751 2756 imperatorem
763 2688 872 2756 praedi-

68 2771 186 2834 cantes,
193 2764 297 2820 ibidem
307 2764 400 2818 statim
410 2778 461 2817 nec
470 2763 569 2835 procul
580 2779 596 2818 a
606 2778 675 2834 rogo
686 2762 742 2816 vim
757 2779 823 2818 suae
832 2765 872 2816 vl·
