2044 3028
91 273 141 332 186
267 299 272 320 r
353 279 380 324 G.
404 277 592 325 SUETONU

238 413 385 452 sunvrus
406 415 448 452 sn
469 415 514 455 ιν.
535 414 660 453 suono.
681 401 739 453 127.

150 491 274 564 Corycos
284 493 356 546 eninr
367 491 464 544 civitas
475 499 517 544 est
527 491 653 556 Ciliciae,
674 492 703 544 in
715 497 890 558 quarentium

92 565 163 622 iiim
181 566 318 620 famosum
339 583 425 634 paene
445 567 479 620 ab
495 567 621 620 omnibus
637 565 814 626 celebratum,
853 565 891 628 Et

92 657 142 708 per
151 643 297 699 transitum
307 642 397 710 tangit
410 639 554 696 historiam
569 645 748 710 memoratam
764 639 891 710 aSueto·

92 717 150 767 nio.
183 715 331 784 Pompeius
342 717 422 782 enim,
433 715 514 768 vietis
524 716 623 783 piratis
634 715 776 782 Cilicibus,
787 715 890 784 perflue

92 790 203 856 ibidem,
214 791 314 856 partim
325 791 354 845 in
366 789 492 854 Graecia,
504 791 604 856 partim
614 791 643 849 in
655 789 793 856 Calabria,
805 805 891 858 agros

93 863 214 922 donant.

298 983 382 1024 mun
402 985 436 1022 rn
457 987 500 1022 vr.
521 985 596 1025 nnn.
617 973 676 1024 799.

149 1063 231 1124 Quod
242 1071 332 1116 antem
343 1063 419 1128 dicit,
430 1079 523 1115 verum
535 1071 584 1116 est.
619 1062 690 1115 Nam
701 1069 729 1115 et
740 1063 891 1115 Suetonius

93 1138 133 1189 ait
152 1138 181 1190 in
196 1139 255 1190 vita
271 1139 411 1204 Caesaris,
432 1154 565 1206 responsa
583 1154 643 1193 esse
657 1139 723 1194 deta
736 1144 890 1206 periurum

93 1212 195 1277 orbern,
207 1215 285 1264 nasei
294 1214 426 1264 invictum
436 1214 639 1280 imperatorem.

290 1333 375 1374 roan
395 1336 428 1372 ru
448 1335 507 1372 xrr.
528 1331 603 1374 nnn.
623 1321 682 1374 rui.

147 1411 240 1464 Homo
252 1412 352 1465 rebellis
363 1413 475 1466 dieitur:
495 1427 538 1464 res
548 1412 610 1480 ipse
620 1411 733 1475 rebellio,
745 1429 798 1465 non
808 1413 889 1466 robel-

91 1485 171 1538 latio:
190 1487 232 1538 sic
242 1486 399 1546 Suetonius.
443 1484 508 1540 Vide
520 1485 605 1556 Ootig.
618 1503 674 1554 cop.
687 1487 728 1539 51.

176 1613 341 1655 rsrnonus
363 1613 482 1653 nureo.
502 1615 566 1652 nra.
587 1615 662 1652 vrrr.
684 1611 757 1654 aas.
777 1603 802 1654 7.

62 1703 67 1710 ·
147 1690 251 1744 Poetae
260 1693 333 1744 unde
343 1693 399 1744 sint
408 1693 484 1758 dicti,
496 1693 536 1744 sio
548 1691 785 1760 ait'l*ranquillus=
797 1689 890 1754 Quum

92 1766 208 1835 primmn
219 1764 344 1819 homines
355 1772 437 1820 exuta
446 1767 556 1819 ienitate
566 1765 891 1821 rationemritashabere

93 1842 259 1908 euenissent,
281 1855 363 1911 seque
374 1857 407 1894 ae
418 1842 484 1895 deos
495 1857 560 1895 suos
571 1854 666 1905 nosse,
687 1841 789 1894 uultum
799 1843 891 1916 modi·

93 1931 154 1968 eum
165 1931 198 1968 ac
208 1932 361 1968 sermonem
370 1917 554 1970 necessarium
561 1917 707 1968 commenti
717 1915 780 1980 sibi,
785 1917 891 1969 uuius-

93 2006 145 2060 que
161 1991 392 2058 nragnifieentiam
412 1993 446 2044 ad
462 1991 623 2060 reilgionem
637 1991 760 2043 Deorum
774 2007 890 2044 suorum

93 2063 326 2132 excogitaverunt.
373 2065 461 2135 Igitur
488 2075 519 2129 ut
545 2063 647 2135 templa
673 2063 730 2117 illis
759 2064 890 2119 domibus

92 2137 252 2205 pulchriora
266 2147 294 2192 et
307 2141 455 2195 simulacra
470 2142 632 2208 corporibus
654 2140 789 2208 ampliora
803 2139 889 2193 faeie-

92 2213 172 2278 bant,
183 2214 224 2266 ita
235 2213 347 2282 eloquio
359 2217 439 2286 qnasi
450 2217 609 2284 augustiore
619 2214 797 2268 honorandos
808 2220 889 2284 puta-

92 2294 202 2352 verunt,
222 2288 372 2360 laudesque
387 2307 480 2344 eorum
497 2297 525 2344 et
536 2291 628 2343 verbis
646 2289 846 2342 illustrioribus
863 2301 892 2344 et

92 2361 303 2415 iucundioribus
322 2369 442 2419 numeris
463 2366 626 2420 extrrlerunt.
665 2364 695 2415 ld
715 2380 799 2432 genus
821 2367 891 2432 quia

92 2434 183 2488 forma
193 2438 313 2506 quadarn
323 2443 447 2506 efficitur,
459 2457 530 2509 quae
541 2436 651 2504 ποιότης
664 2440 775 2504 dieitur,
786 2454 891 2507 poema

92 2512 244 2567 vocitatum
254 2519 303 2578 est,
316 2516 428 2586 eiusque
439 2516 549 2568 fictores
560 2523 666 2584 poetae.

274 2635 455 2676 orousnns
476 2639 541 2676 orn.
561 2641 582 2676 r.
603 2639 629 2677 r.
649 2625 707 2676 bii.

150 2706 278 2762 lneboaer'
290 2714 325 2765 ab
339 2713 450 2768 inchoo.
490 2715 537 2770 Sie
552 2717 695 2770 dicendum
710 2719 789 2784 putat
801 2713 895 2771 lulius

103 2769 246 2848 'iodestus‚
259 2788 324 2854 quia
335 2790 371 2841 sit
382 2791 565 2860 compositum
576 2809 592 2845 a
604 2792 671 2846 chao
677 2831 686 2858 ,
696 2791 777 2844 initio
788 2806 895 2858 return.
