2026 3020
258 183 383 232 IULIUS
408 182 562 232 CAESAR.
599 184 813 233 cnara-26.
899 185 933 238 13

131 307 292 382 perdoluit,
313 306 457 360 baecsere.
498 307 758 375 OmnemGalliam,
779 311 932 378 quaesaltu

131 387 280 455 Pyrenaeo
291 385 461 452 Alpibusque
477 390 504 436 et
518 389 610 436 monte
622 382 753 436 Gebcnna
763 385 931 453 fluminibus-

133 477 190 530 que
201 458 294 512 Rbeno
307 465 335 510 et
344 457 480 510 Rhodano
493 460 661 525 continetur,
673 465 803 528 patetque
814 462 931 514 circuitu

133 537 173 588 ad
182 535 228 587 bis
239 540 265 587 et
273 535 368 586 tricies
380 539 487 585 centum
502 535 591 585 millia
606 551 750 602 passuum,
766 542 875 603 praeter
886 553 930 589 so·

103 621 108 628 ’
132 613 196 664 cias
207 627 238 662 ae
247 611 316 661 bene
328 609 440 660 meritas
451 609 591 674 civitates,
602 611 630 660 in
641 611 802 677 provinciae
812 610 930 664 formam

130 687 253 753 redegit,
274 687 354 753 eique
370 682 593 753 quadringenties
608 686 638 735 in
648 686 772 753 singulos
784 703 871 738 annos
882 688 930 738 sti-

130 761 229 830 pendii
239 761 349 812 nominc
360 760 502 827 imposuit.
542 759 704 825 Germanos,
716 762 763 829 qui
772 768 849 814 trans
860 761 929 814 Rhe·

130 853 197 888 num
211 835 351 900 incolunt,
372 835 477 903 primus
492 834 680 886 Romanorum
694 843 777 904 ponte
791 837 929 890 fabricato

133 927 290 980 aggressus,
296 911 425 961 unanimis
437 909 531 960 affecit
541 910 675 962 cladibus.
695 912 847 979 Aggressus
860 911 928 981 [est]

133 993 162 1038 et
172 987 337 1050 Britannos,
357 987 469 1052 ignotos
482 990 576 1046 antea3
597 988 788 1054 superatisque
799 989 930 1054 pecunias

133 1068 162 1113 et
173 1061 285 1112 obsides
295 1061 453 1128 imperavit:
474 1075 523 1126 per
533 1064 576 1110 tot
586 1075 728 1111 successus
738 1068 793 1124 ter,
810 1077 860 1112 nec
876 1078 931 1112 am-

133 1137 218 1205 plins,
230 1134 374 1186 adversum
387 1151 480 1187 eastun
492 1139 633 1202 expertus:
644 1136 832 1200 inBritannia,
845 1136 932 1186 classe

132 1211 164 1263 vi
173 1211 346 1278 tempestatis
357 1226 443 1278 prope
455 1210 613 1276 absumpta,
626 1211 691 1263 etin
703 1211 805 1276 Gallia,
818 1211 853 1262 ad
865 1210 932 1262 Ger-

133 1287 246 1354 goviam
258 1285 367 1352 legione
377 1284 455 1348 lusa3
476 1285 541 1336 etin
554 1285 752 1337 Germanorum
764 1287 874 1350 linibus,
885 1288 932 1336 Ti·

133 1361 211 1413 turio
224 1366 250 1412 et
260 1359 446 1411 Aurunculeio
458 1360 557 1428 legatis
568 1377 616 1427 per
626 1362 743 1412 insidias
755 1363 852 1414 caesis.

192 1435 295 1486 XXVl.
315 1434 421 1486 Eodem
435 1435 568 1502 temporis
585 1437 675 1502 spatio
697 1444 811 1490 matrem
832 1439 931 1504 primo,

136 1510 236 1562 deinde
247 1509 347 1574 liliam,
368 1526 419 1561 nec
429 1510 591 1577 multo'post
605 1516 731 1578 nepotem
749 1515 850 1564 amisit.
890 1513 932 1563 ln·

134 1593 179 1638 ter
199 1601 283 1652 quae,
306 1583 482 1636 consternata
502 1584 533 1634 P.
556 1585 648 1636 Clodii
673 1587 756 1638 coede
781 1587 932 1654 republica,

135 1676 219 1730 quum
242 1666 353 1711 senatus
372 1675 455 1710 rnlinn
478 1661 615 1712 consulem
622 1699 630 1724 ,
651 1661 868 1728 nominatimque
884 1662 933 1711 Cn.

134 1735 309 1803 Pompeium,
321 1736 382 1786 fieri
393 1735 553 1798 censuisset,
566 1736 622 1802 egit
633 1753 693 1786 cnm
704 1737 823 1788 tribunis
833 1737 932 1804 plebis,

136 1811 273 1877 collegam
285 1825 313 1862 se
324 1808 457 1877 Pompeio
470 1809 680 1873 destinantibus,
692 1811 721 1864 id
732 1813 825 1878 potius
835 1813 872 1864 ad
883 1828 931 1879 po-

134 1885 231 1953 pulum
245 1884 361 1944 ferrent,
382 1891 413 1935 ut
428 1885 536 1934 absenti
555 1885 623 1948 sibi,
646 1886 810 1954 quandoque
824 1886 934 1954 imperii

133 1968 244 2027 tempus
256 1958 363 2026 expleri
374 1959 524 2026 coepisset,
541 1959 637 2025 petitio
650 1960 764 2010 secundi
775 1961 934 2012 consulatus

135 2036 263 2098 daretur,
284 2051 318 2085 ne
333 2041 371 2084 ea'
382 2049 466 2085 carisa
482 2033 616 2083 maturius
632 2039 658 2084 et
673 2034 833 2102 imperfecto
846 2033 935 2085 adbuc

134 2108 210 2161 bello
233 2109 385 2160 decederet.
426 2108 507 2170 Qriod
523 2114 554 2159 ut
565 2108 679 2175 adeptus
691 2115 744 2174 est,
767 2110 868 2162 altiora
878 2111 933 2160 iam

134 2184 274 2236 meditans
285 2190 312 2236 et
323 2185 382 2250 spei
393 2184 503 2250 plenus,
525 2183 629 2234 nullum
643 2183 801 2252 largitionis
817 2193 865 2238 aut
876 2187 934 2238 olli-

136 2261 245 2311 ciorum
266 2261 480 2326 inqnemquam
506 2274 591 2326 genus
616 2259 726 2325 publice
751 2263 935 2329 privatimque

138 2335 243 2386 omisit.
283 2333 386 2385 Forum
403 2335 436 2386 de
452 2334 590 2384 ntarrubiis
605 2333 759 2386 inchoavit:
782 2338 859 2388 cuius
871 2350 936 2386 area

138 2426 224 2476 snper
244 2409 400 2472 sestertium
420 2409 522 2460 millies
543 2409 676 2460 constitit.
714 2411 816 2462 Munus
831 2408 935 2477 populo

136 2484 304 2550 epulumque
319 2483 514 2550 pronunciavit
528 2485 556 2533 in
573 2483 647 2534 illine
663 2487 837 2547 nicenoriam,
859 2481 935 2551 qnod

136 2563 201 2608 ante
218 2573 280 2609 enm
296 2573 385 2609 nemo.
428 2555 550 2617 Quorum
565 2563 597 2607 ut
612 2573 694 2624 quam
710 2559 831 2608 maxima
841 2573 937 2624 exspe-

135 2633 225 2683 ctatio
238 2638 319 2694 esset,
331 2647 446 2700 eaquae
458 2631 493 2679 ad
505 2631 614 2696 epulum
625 2631 800 2696 pertinerent,
813 2630 939 2697 quamvis

134 2707 307 2759 macellariis
319 2706 459 2770 oblocuta,
467 2705 550 2756 etiam
562 2704 764 2757 domesticatim
776 2707 938 2772 apparabat.
