2036 3022
114 199 164 254 att
390 205 416 252 c.
443 202 627 272 suurourr

114 331 162 398 qui
172 330 329 395 descissent,
341 331 497 383 orinaretor.
537 329 663 398 Denique
677 343 726 397 per
740 333 803 380 octo
820 327 910 379 conti-
990 356 994 365 ·

111 423 182 457 nuos
193 406 251 457 dies
261 421 317 459 non
327 407 476 458 rescribere
487 407 622 474 cuiqnam,
634 421 690 456 non
699 402 831 455 mandare
840 403 909 472 quid

113 489 161 533 aut
169 483 327 549 praecipere
338 488 462 546 conatus,
473 497 528 534 rem
540 481 650 533 silentio
663 480 842 533 obliteravit·

166 557 239 608 XLl.
260 557 369 628 Edictis¹
380 558 490 608 tandem
504 556 630 609 Vindicis
651 555 860 608 contumeliosis
879 560 909 606 et

110 632 297 700 frequentibus
307 638 459 699 permotus,
471 638 594 684 senatum
604 632 723 699 epistola
732 628 761 682 in
771 631 908 682 ultionem

111 710 154 759 sui
164 709 257 776 reique
268 707 395 773 publicae
401 706 562 759 adhortatus
573 714 623 772 est,
630 713 759 760 excusato
772 707 908 774 languore
1001 735 1002 742 κ

110 784 243 845 lancium,
264 788 377 848 propter
392 799 472 850 quem
485 798 541 835 non
562 784 677 835 adesset.
716 781 794 834 Nilu'l
814 789 908 834 autem

112 873 196 924 aeque
208 857 308 921 doluit,
330 873 411 925 quam
426 863 457 910 ut
467 857 657 910 citharoedum
666 858 768 909 malum
778 873 810 910 se
818 859 907 910 incre·

111 934 211 1000 pitum,
233 947 266 984 ac
275 947 326 1001 pro
337 933 446 986 Nerone
456 934 639 986 fiduciariam
654 932 832 1001 appellatum.
871 932 908 984 Et

111 1024 211 1059 nomen
232 1009 341 1075 quidem
355 1011 468 1076 gentile,
490 1010 565 1077 quod
580 1011 634 1061 sibi
648 1025 697 1076 per
712 1009 908 1060 contumeliam

112 1084 336 1151 exprobraretur,
352 1091 552 1151 resumpturum
563 1101 592 1135 se
602 1085 742 1150 professus
753 1090 807 1148 est,
823 1084 908 1151 depo-

112 1160 166 1210 sito
179 1159 320 1225 adoptivo.
361 1160 458 1211 Cetera
469 1161 606 1224 convicia,
627 1166 658 1210 ut
671 1159 756 1225 falsa,
777 1175 834 1211 non
850 1160 906 1211 alic

114 1240 273 1301 argumento
284 1233 439 1300 refellebat,
457 1250 539 1304 quam
551 1235 625 1302 quod
636 1237 719 1287 etiam
730 1235 843 1286 inscitia
853 1235 908 1285 sibi

112 1315 256 1376 tantopere
271 1309 430 1362 elaboratae
444 1311 635 1378 perfectaeque
650 1326 667 1362 a
682 1325 711 1361 se
727 1311 794 1362 artis
805 1310 908 1361 obiice-

113 1391 201 1447 retur,
231 1385 354 1452 singulos
375 1386 490 1437 subinde
510 1387 648 1454 rogitans,
668 1395 805 1437 nossentne
820 1401 908 1451 quem-

115 1475 193 1526 quam
209 1460 447 1526 praestantiorem?
485 1461 538 1513 Sed
562 1461 723 1529 urgentibus
743 1460 807 1512 aliis
827 1477 909 1529 super

115 1536 187 1586 alios
197 1536 314 1600 nunciis,
325 1535 440 1587 Romam
449 1537 641 1607 praetrepidus
651 1536 747 1588 rediit:
759 1536 909 1604 leviterque

114 1610 197 1660 modo
217 1611 247 1660 in
266 1611 363 1662 itinere
387 1610 488 1662 frivolo
513 1613 637 1679 auspicio
662 1617 752 1664 mente
775 1619 908 1676 recreata,

115 1700 198 1751 quum
219 1691 379 1737 annotasset
397 1687 563 1754 insculptum
583 1694 773 1752 monumento,
794 1688 909 1738 militem

116 1759 227 1810 Gallum
238 1761 272 1810 ab
283 1762 374 1830 equite
384 1761 509 1814 Romano
522 1777 682 1829 oppressum
692 1761 767 1814 tralri
778 1763 908 1826 crinibus,

115 1835 150 1884 ad
162 1850 221 1886 eam
232 1837 349 1902 speciem
360 1836 473 1889 exsiluit
481 1839 593 1906 gaudio,
601 1839 760 1904 coelumque
772 1837 908 1889 adoravit.

115 1910 153 1960 rl'c
166 1927 200 1962 ne
213 1917 280 1962 tunc
293 1913 403 1980 quidem
419 1920 467 1965 aut
476 1920 573 1965 senatu
584 1920 631 1964 aut
642 1915 744 1981 populo
757 1928 851 1964 coram
863 1929 908 1980 ap-

115 1986 231 2051 pellato,
253 1988 387 2054 quosdam
402 2004 416 2040 e
431 1990 598 2055 primoribus
612 1989 679 2040 viris
691 1989 801 2039 domum
812 2003 909 2040 evoca-

113 2061 163 2125 vit,
173 2064 367 2131 transactaque
376 2064 478 2130 raptim
488 2064 697 2128 consultatione,
709 2063 844 2130 reliquam
855 2064 911 2114 diei

114 2141 220 2202 partem
230 2153 280 2203 per
290 2153 394 2204 organa
405 2137 569 2204 hydraulica
582 2140 649 2190 novi
662 2145 689 2190 et
703 2138 793 2205 ignoti
802 2140 910 2205 generis

116 2211 309 2263 circumduxit:
334 2213 534 2279 ostendensque
553 2214 674 2280 singula,
696 2215 729 2264 de
748 2215 858 2265 ratione
879 2230 911 2264 ac

116 2286 277 2338 difficultate
288 2289 419 2354 cuiusque
431 2288 575 2352 disserens,
585 2290 643 2340 iam
653 2305 682 2340 se
693 2290 775 2340 etiam
787 2289 911 2356 prolatu-

115 2375 176 2412 nun
188 2364 280 2414 omnia
294 2364 324 2412 in
338 2360 474 2415 theatrrun
491 2365 648 2428 affirmavit,
669 2365 695 2415 si
708 2379 757 2431 per
766 2363 910 2416 Vindicem

117 2435 207 2486 liceat.

170 2511 257 2560 XLll.
277 2510 429 2579 Postquam
440 2513 537 2566 deinde
548 2515 631 2568 etiam
643 2513 760 2566 Galbam
772 2519 799 2564 et
808 2513 910 2580 Hispa·

117 2584 177 2634 nias
189 2585 336 2638 descivisse
347 2590 489 2656 cognovit,
510 2588 661 2657 collapsus,
682 2590 829 2657 animoque
838 2590 912 2641 male

116 2655 219 2722 bama,
235 2661 284 2711 diu
294 2667 321 2712 et
330 2663 389 2714 sine
399 2678 466 2716 voce
477 2670 504 2715 et
513 2679 599 2732 prope
609 2666 804 2716 intermortuus
814 2665 912 2716 iacuit.

118 2730 205 2797 thue
215 2736 343 2802 resipuit,
364 2745 438 2790 veste
449 2740 577 2805 discissa,
599 2741 688 2809 capite
705 2741 912 2810 converberata,
