2050 3034
266 226 451 278 TIBERIUS.
488 231 565 278 GAP.
584 229 699 278 38-43.
828 231 879 283 131

80 349 229 408 Germanis
239 346 345 406 vastari
354 356 519 422 neglexerit3
539 370 639 422 magno
651 355 784 408 dedecore
795 357 879 422 impe-

77 433 123 496 rii,
135 447 188 482 nec
198 431 301 482 minori
311 430 476 485 discrimine.

134 505 225 557 XLll.
246 505 373 557 Ceterum
383 506 483 558 secreti
492 507 632 558 licentiam
643 511 749 570 nactus,
761 512 789 556 et
799 507 879 572 quasi

76 581 202 633 civitatis
214 581 303 632 oculis
312 586 443 646 remotus,
456 589 553 633 cuncta
564 581 646 634 simul
654 581 735 647 vitia,
748 581 819 631 male
831 581 879 632 diu

75 655 269 720 dissimulata,
280 657 392 707 taudem
401 655 539 724 profudit:
560 658 593 708 de
605 657 703 724 quibus
715 656 878 723 singillatim
924 665 927 676 ‘

77 731 113 782 ab
125 731 244 783 exordio
255 731 380 783 referam.
413 731 445 782 ln
457 733 565 796 eastris,
575 733 629 784 tiro
641 733 802 796 etiamtum,
814 747 876 797 pro·

75 813 138 872 pter
159 807 273 857 nimiam
292 807 351 857 viui
371 807 528 858 aviditatem
548 823 599 872 pro
614 807 728 857 Tiberio
743 805 875 870 litterius,

76 898 129 948 pro
147 881 266 932 Claudio
284 880 402 942 Ouidius,
423 896 474 947 pro
490 881 599 932 Nerone
620 879 695 931 Mero
714 882 875 940 vocabatur.

76 956 182 1007 Postea
195 957 323 1022 princeps
341 957 371 1005 iu
389 957 453 1022 ipsa
472 957 645 1022 publicorum
664 972 770 1007 morum
787 973 876 1008 corre-

78 1032 172 1082 ctione
189 1047 250 1082 cum
265 1029 419 1096 Pomponio
435 1031 538 1080 Flacco
555 1036 582 1080 et
597 1029 630 1078 11.
646 1029 747 1080 Pisone
766 1037 874 1081 noctem

77 1107 294 1171 continuumque
312 1105 425 1160 biduum
450 1102 586 1170 epulando
611 1103 788 1170 potandoque
813 1121 876 1154 con-

77 1182 209 1246 sumpsit:
235 1195 351 1246 quorum
367 1180 447 1229 alteri
462 1179 572 1246 Syriam
588 1176 773 1244 provinciam,
796 1178 876 1241 alteri

76 1255 282 1321 praefecturam
292 1255 373 1305 Urbis
385 1253 530 1305 confestim
541 1253 646 1317 detulit,
660 1253 797 1304 codicillis
809 1269 876 1319 quo-

77 1346 131 1396 que
141 1328 342 1381 iucundissimos
358 1337 385 1379 et
398 1329 511 1380 omnium
527 1328 653 1378 laurarum
663 1327 761 1379 anticos
771 1327 876 1393 profes-

77 1421 135 1455 sus.
176 1405 266 1456 Sestio
280 1403 376 1467 Gallo,
388 1404 539 1454 libidinoso
552 1419 584 1453 ac
593 1403 712 1470 prodigo
724 1399 795 1468 sen'i,
808 1403 875 1453 olim

78 1481 114 1529 ab
131 1479 254 1545 Augusto
269 1479 424 1546 ignominia
438 1484 548 1540 notato,
569 1485 597 1528 ct
612 1494 629 1528 a
643 1494 671 1528 se
688 1483 750 1529 ante
768 1492 874 1543 paucos

78 1555 140 1604 dies
153 1555 224 1618 apud
231 1560 358 1605 'senatum
368 1553 517 1620 increpito,
539 1567 651 1604 coenam
666 1567 700 1603 ea
709 1552 769 1618 lege
781 1552 874 1602 condi-

76 1630 129 1691 xit,
141 1643 176 1679 ne
188 1624 251 1694 quid
263 1645 296 1680 ex
308 1629 505 1680 consuetudine
519 1629 676 1678 immutaret
687 1633 735 1677 aut
746 1626 874 1688 demeret,

77 1711 165 1770 utque
176 1704 257 1754 nudis
267 1703 366 1769 puellis
376 1703 596 1755 ministrantibus
608 1708 778 1754 coenaretur.
794 1700 874 1768 Igno·

1 1828 2 1837 ,
77 1779 216 1829 tissimum
233 1784 395 1845 quaesturae
411 1778 587 1830 candidatum
602 1777 784 1828 nobilissimis
800 1783 874 1827 ante·

1 1850 2 1861 ³
77 1854 174 1920 posuit
189 1853 224 1904 ob
246 1859 356 1919 epotam
369 1854 399 1920 in
414 1852 554 1914 convivio,
574 1853 738 1918 propinante
754 1866 796 1914 se,
816 1851 875 1900 viui

77 1927 249 1996 amphoram.
289 1927 391 1978 Asellio
404 1927 506 1979 Sabino
522 1926 649 1976 sestertia
658 1925 778 1975 ducenta
789 1924 874 1974 dona-

75 2005 117 2054 vit
126 2018 177 2068 pro
190 2002 317 2069 dialogo,
337 2003 366 2052 in
382 2017 435 2068 quo
451 2000 539 2052 boleti
549 2005 576 2050 et
586 1998 718 2050 ficedulae
729 2003 757 2048 et
767 2002 874 2047 ostreae

77 2085 105 2128 et
118 2077 194 2129 turdi
209 2083 345 2129 certamen
359 2079 514 2129 induxerat.
553 2073 662 2124 Novum
681 2073 798 2138 denique
815 2073 873 2122 ofli-

78 2154 150 2204 eium
159 2153 283 2204 instituit
297 2169 313 2203 α
327 2152 514 2220 uoluptatibus,
535 2149 695 2219 praeposito
712 2148 803 2215 equite
818 2147 872 2198 llo·

77 2244 167 2292 mano,
180 2228 214 2278 T.
227 2227 364 2278 Caesonio
375 2227 481 2279 Prisco.
652 2249 660 2285 s

131 2303 232 2353 xum.
253 2301 369 2354 Secessu
380 2317 445 2353 vcro
462 2301 610 2368 Capreensi
629 2301 711 2352 etiam
732 2299 873 2350 sellariam

76 2379 260 2445 excogitavit,
281 2377 373 2429 sedem
390 2391 551 2428 arcanarum
566 2374 725 2426 libidinum:
745 2375 774 2424 in
791 2387 872 2439 quam

75 2452 197 2520 undique
213 2453 366 2518 conquisiti
379 2452 532 2518 puellarum
547 2456 574 2502 et
584 2450 754 2502 exoletorum
765 2461 871 2513 greges,

76 2529 281 2594 monstrosique
293 2529 454 2579 concubitus
468 2530 634 2592 repertores,
656 2537 725 2589 quos
740 2521 872 2586 spintrias

76 2603 244 2669 appellabat,
255 2602 360 2668 triplici
370 2602 439 2654 serie
450 2598 574 2662 connexi,
581 2599 698 2649 invicem
707 2595 874 2645 incestarent

76 2693 105 2729 se
116 2693 210 2730 curam
220 2677 297 2743 ipso,
317 2683 349 2728 ut
363 2681 475 2742 aspectu
489 2673 646 2723 deficientes
660 2667 790 2719 libidines
800 2668 873 2718 exci-

74 2759 155 2805 taret.
196 2750 331 2803 Cubicula
350 2750 523 2820 plurifariam
547 2744 690 2812 dispositis
710 2742 820 2793 tabellis
841 2757 874 2796 ac
