2044 3028
150 224 199 280 848
432 220 668 270 c.sUEr0N11

150 357 177 404 et
192 367 224 404 eo
239 349 368 402 defuncto
384 349 506 402 Asinium
521 345 695 400 Pollionem:
717 361 787 414 quos
802 346 950 401 historiam

150 443 314 498 componere
330 441 488 494 aggressos,
500 423 615 476 alterum
629 423 769 475 breviario
784 439 878 476 rerum
894 440 950 476 om-

147 505 223 558 nium
239 503 437 566 Romananrm,
454 515 487 551 ex
503 500 613 568 quibus,
630 513 700 565 quas
714 497 811 563 vellet,
826 500 948 566 eligeret,
1013 537 1014 550 ι

147 579 296 640 instruxit,
321 577 436 629 alterum
455 575 607 643 praeceptis
622 574 655 624 de
670 574 780 626 ratione
800 575 949 627 scribendi.
1013 601 1014 628 ι

150 655 210 716 ero
223 654 311 720 magis
321 654 416 716 miror,
426 651 550 702 Asinium
561 649 717 701 Pollionem
728 649 890 715 credidisse,
903 667 946 702 an-

148 732 226 798 tiqua
237 745 298 780 eum
307 729 392 780 verba
402 733 429 778 et
439 728 542 793 figuras
552 724 664 776 solitum
675 740 735 776 esse
747 725 881 793 colligere
889 725 948 778 Sal-

148 805 250 856 lustio:
272 819 354 869 quum
370 802 424 854 sibi
442 803 514 852 sciat
527 801 567 852 nil
581 800 658 852 aliud
673 799 804 864 suadere,
821 817 905 869 quam
919 808 949 852 ut

147 885 214 930 noto
237 878 365 946 civilique
385 884 415 929 et
433 876 546 946 proprio
562 891 687 928 sermone
701 881 811 941 utatur,
826 878 947 944 nitetque

147 955 265 1005 maxime
278 954 474 1005 obscuritatem
485 951 613 1004 Sallustii
622 956 649 1003 et
659 951 807 1002 audaciam
818 952 849 1002 in
858 958 945 1006 stans·

147 1029 308 1082 lationibus.
972 1084 974 1092 ¹

203 1106 251 1158 Xl.
271 1104 421 1158 velumus
443 1102 537 1165 Caro,
560 1108 591 1154 ut
610 1102 737 1154 nonnulli
757 1102 946 1168 tradiderunt,

146 1181 263 1232 Burseni
277 1180 419 1232 cuiusdam
434 1179 562 1242 libertus,
578 1192 612 1230 ex
627 1176 740 1228 Galliae
760 1179 821 1245 ipse
836 1178 946 1244 libello,

147 1257 191 1308 cui
205 1261 246 1308 est
260 1255 358 1306 titulus
368 1253 536 1324 Indignatio,
547 1255 695 1319 ingenuum
706 1260 843 1305 senatum
856 1255 909 1318 ait,
920 1262 948 1306 et

116 1374 118 1378 .
145 1331 279 1398 pupillum
299 1331 442 1394 relictum,
463 1345 551 1398 eoque
571 1329 682 1380 facilius
703 1329 818 1382 licentia
839 1329 947 1382 Sullani

146 1407 278 1472 temporis
290 1412 400 1457 exutum
411 1405 590 1474 patrimonio.
629 1405 736 1457 Docuit
745 1405 849 1458 multos
859 1410 887 1456 et
896 1421 944 1456 uo‹
1013 1469 1014 1474 Ἰ

146 1482 235 1544 biles;
255 1483 385 1550 visusque
395 1487 437 1532 est
453 1480 619 1548 peridoneus
634 1487 812 1549 praeceptor,
828 1481 946 1533 maxime

147 1557 183 1608 ad
197 1559 334 1624 poeticam
348 1556 541 1618 tendentibus5
567 1561 598 1609 nt
617 1555 728 1623 quidem
749 1571 886 1626 apparere
905 1557 948 1608 uel

145 1630 187 1684 his
198 1633 340 1684 versiculis
351 1638 458 1699 potest:

161 1765 162 1770 ,
200 1751 202 1755 ,
221 1707 287 1758 Coto
301 1706 509 1769 Granamaticm,
521 1706 623 1762 Ludna
634 1705 724 1770 Siren,

203 1819 206 1824 ,
222 1781 277 1846 Qui
286 1783 353 1833 solus
363 1781 430 1851 legit
439 1781 551 1853 ucface't
558 1791 659 1848 postor.

145 1857 262 1925 Scripsit
277 1864 386 1925 praeter
398 1859 595 1925 grammaticos
610 1857 720 1909 libellos
735 1858 820 1908 etiam
835 1874 948 1927 poema·

145 1945 186 1997 ta,
204 1949 237 1986 ex
252 1935 351 2000 quibus
366 1934 514 2001 praecipue
528 1934 682 2000 probantur
695 1932 784 2001 lrydiu
800 1940 829 1986 et
843 1933 946 1986 Diuum

144 2006 246 2076 Lydiae
258 2009 357 2060 Ticida
367 2010 490 2060 meminit
500 2027 506 2058 ι

219 2083 306 2152 Lydia
316 2084 451 2138 doctorum
462 2083 577 2136 inaximo
589 2099 652 2136 cura
663 2083 735 2136 libem

55 2157 58 2164 '
145 2157 252 2209 Dianae
263 2159 368 2210 Cinna:

221 2233 331 2286 Saecula
338 2243 495 2300 permaneat
504 2235 590 2286 ιιοιιτι·
599 2233 691 2286 Diana
703 2232 821 2288 Catonis.

145 2309 223 2360 Vixit
239 2309 273 2360 ad
289 2315 436 2360 extremam
447 2316 597 2372 senectam,
609 2311 656 2361 sed
667 2311 697 2360 in
707 2326 815 2362 summa
830 2327 949 2378 pauper-

145 2391 201 2434 tate
213 2390 240 2434 et
249 2399 335 2452 paene
345 2385 449 2452 iuopia,
462 2384 573 2435 abditus
585 2385 693 2438 modico
704 2388 859 2453 gurgustio,
872 2394 948 2454 post·
1013 2421 1014 2430 ι

146 2475 227 2524 quam
243 2458 402 2513 Tusculana
415 2460 482 2510 villa
498 2461 680 2515 creditoribus
698 2469 832 2526 cesserat,
852 2469 884 2514 ut
899 2472 948 2518 au·

146 2539 206 2582 ctor
216 2539 258 2583 est
267 2533 418 2585 Bibaculus
430 2552 436 2582 ι

221 2605 251 2655 ot·
261 2606 399 2676 qnisforte
409 2607 461 2659 snei
470 2607 573 2660 domum
585 2608 706 2673 Garama,

219 2679 351 2744 Etpictas
361 2683 442 2734 minio
452 2684 564 2745 assulae,
576 2684 668 2735 stilles

222 2751 342 2806 Custodia
352 2755 422 2810 videt
431 2757 547 2814 hortulos
560 2758 661 2824 Priapi,
