2036 3022
164 217 218 268 268
442 219 469 264 G.
495 213 687 264 SUETONll

167 349 255 409 mun,
277 332 412 410 postridie
433 358 516 410 quam
536 341 572 394 ad
591 341 715 409 legiones
729 341 819 406 venit,
842 342 976 396 sollemni

167 419 241 472 forte
251 419 410 487 spectaculo
421 416 583 485 plaudentes
593 415 723 481 inhibuit,
734 416 803 468 data
812 421 931 484 tessera,
942 429 977 472 at
1008 418 1011 427 '

167 510 260 547 maner
275 494 396 562 paenulis
419 493 590 546 coufirmat.
630 491 785 558 Statimque
805 501 972 560 porcestre

166 571 364 622 iactatumest:
912 580 915 590 ’

203 644 295 707 Dirce,
306 643 387 706 miles,
399 642 523 706 militare,
537 641 623 695 etita
632 650 679 705 ert,
690 657 744 694 noa
756 641 924 696 ereetum.

166 719 233 771 Pari
247 720 392 772 severitate
406 719 551 770 interdixit
564 723 733 770 commeatus
745 718 814 785 peti.
853 717 968 772 Vetera-

165 809 231 845 uum
241 809 275 846 ac
283 794 403 845 tironem
412 794 528 847 militem
539 809 622 861 opere
633 792 745 845 assiduo
757 794 967 846 corroboravit:

165 873 326 936 matureque
335 869 477 934 barbaris,
497 870 546 937 qui
560 870 617 920 iam
629 869 660 919 in
671 867 794 918 Galliam
804 884 895 938 usque
905 887 967 939 pro·

165 949 308 1011 ruperant,
330 945 471 1009 reiecitis,
492 943 630 1013 praesenti
642 959 750 1012 quoque
762 942 832 996 Caio
843 944 931 996 talem
941 952 968 997 et
1013 951 1014 954 ’

165 1035 195 1071 se
206 1024 233 1072 et
243 1020 391 1073 exereitum
406 1019 582 1088 approbavit,
602 1024 635 1070 ut
648 1019 720 1070 inter
730 1019 892 1070 innumeras
904 1037 967 1072 ecu-

164 1100 325 1164 tractasque
336 1109 369 1147 ex
385 1095 512 1146 omnibus
526 1094 678 1162 provinciis
693 1091 803 1161 copias,
822 1109 915 1163 neque
929 1102 967 1148 te-

165 1171 325 1222 stimonium
334 1183 423 1238 neque
432 1170 555 1237 praemia
571 1169 708 1237 ampliora
717 1169 966 1239 ullipereipereut3

162 1246 224 1312 ipse
234 1245 352 1297 maxime
361 1244 488 1312 insigniis,
497 1245 572 1312 quod
583 1249 764 1312 campestrem
772 1244 967 1298 demersionem

164 1326 243 1373 scuto
258 1320 417 1373 moderatus
432 1320 516 1372 etiam
531 1319 568 1370 ad
581 1319 708 1372 essedum
721 1320 903 1387 imperatoris
918 1337 966 1390 per

164 1395 263 1462 viginti
272 1410 403 1462 passuum
413 1394 502 1446 millia
513 1395 642 1446 cucurrit.

220 1468 280 1520 vll.
301 1469 392 1521 Caede
404 1471 466 1520 Caii
475 1471 619 1534 nunciata,
634 1469 729 1521 multis
740 1469 776 1520 ad
787 1471 966 1524 occasionem

164 1545 384 1609 stimulantibus,
397 1545 516 1611 quietem
526 1545 667 1612 praetulit.
706 1543 760 1596 Per
773 1543 829 1597 hoc
838 1547 964 1614 gratissi·

164 1635 224 1670 ntus
240 1620 370 1682 Claudio,
391 1625 573 1688 receptusque
586 1621 616 1670 in
638 1618 779 1672 cohortem
801 1622 964 1686 amicorum,

162 1699 257 1746 tantae
267 1693 438 1760 dignationis
448 1700 491 1745 est
499 1693 620 1760 habitus,
631 1701 671 1759 ut,
683 1710 766 1762 quum
776 1696 874 1748 subita
883 1699 911 1750 ei
920 1713 964 1749 ra·

162 1769 266 1833 letudo,
278 1784 329 1819 nec
340 1768 409 1820 adeo
420 1771 522 1836 gravis,
532 1769 686 1835 incidisset,
692 1769 796 1821 dilatus
806 1772 846 1823 sit
855 1773 964 1839 expedi-

163 1844 248 1896 tionis
259 1844 437 1896 Britannicae
448 1845 516 1896 dies.
555 1843 677 1897 Africam
687 1845 842 1912 proconsul
851 1849 964 1900 biennio

164 1920 296 1984 obtinuit,
318 1925 397 1972 extra
411 1926 514 1972 sortem
527 1920 630 1972 electus
646 1920 682 1970 ad
700 1919 888 1974 ordinandam
903 1939 964 1991 pro-

162 1996 295 2060 vinciam,
316 2002 345 2047 et
357 1995 490 2047 intestina
505 1995 676 2047 dissensione
690 1994 916 2050 etbarbarorum
925 2005 966 2049 tn-

163 2071 251 2121 multu
267 2069 428 2136 inquietam.
467 2069 666 2139 Ordinavitque
686 2083 788 2137 magna
808 2075 965 2125 severitatis

164 2159 197 2194 ac
215 2144 340 2196 iustitiae
354 2161 434 2208 cura,
456 2145 539 2196 etiam
554 2145 583 2195 iu
598 2145 721 2213 parvulis
735 2147 828 2198 rebus.
870 2147 965 2213 Militi,

163 2219 211 2285 qui
229 2234 279 2287 per
298 2219 501 2286 expeditionem
522 2235 633 2271 annona
657 2219 798 2272 artissima
821 2224 967 2276 residuum

163 2295 331 2346 cibariorum
342 2295 430 2346 tritici
439 2293 561 2347 modium
573 2301 681 2347 centum
692 2295 814 2346 denariis
823 2299 967 2350 vendidis-

162 2385 191 2420 se
203 2371 382 2438 arguebatur,
396 2370 497 2433 vetent,
513 2369 680 2438 simulatque
689 2370 815 2438 indigere
825 2373 893 2426 cibo
905 2391 968 2426 coe·

162 2445 260 2510 pisset,
283 2460 300 2494 a
314 2459 453 2511 quoquam
469 2460 549 2511 opem
563 2444 645 2507 ferri3
665 2451 693 2496 et
705 2445 731 2496 is
740 2445 815 2498 fame
826 2450 966 2501 extabuit.

161 2518 197 2568 At
214 2519 245 2569 iu
263 2520 323 2570 iure
345 2517 476 2584 dicendo,
497 2534 581 2587 quum
601 2520 635 2571 de
654 2521 826 2587 proprietate
846 2523 967 2577 iumenti

162 2598 347 2657 quaereretur,
359 2593 465 2644 levibus
475 2593 605 2662 utrinque
617 2596 785 2662 argumentis
796 2603 825 2648 et
833 2601 964 2663 testibus,

161 2665 280 2733 ideoque
291 2667 398 2719 difficili
408 2669 568 2721 coniectura
576 2670 715 2732 veritatis,
732 2671 774 2722 lta
785 2671 925 2740 decrevit,
935 2681 965 2726 ut

163 2739 198 2788 ad
209 2739 312 2806 lacum,
322 2743 372 2792 ubi
383 2743 519 2812 adaquari
528 2744 650 2810 solebat,
662 2745 808 2798 duoereurr
818 2750 916 2817 capite
925 2751 965 2802 in·
1013 2763 1014 2812 ᾗ
