2044 3028
193 740 223 794 G.
244 739 481 794 SUETONH
505 741 815 805 Tanusiorum

487 897 523 932 DE

103 1015 482 1080 ILLUSTRIBUS
519 1014 902 1118 GRAMMATICIS
983 1100 987 1109 „

253 1176 256 1181 '
362 1173 646 1220 LIBELLUS.

393 1335 610 1348 ,ΙΨ-Μ

155 1470 178 1522 1.
201 1437 406 1524 Grammatico
420 1470 524 1524 Romae
538 1487 572 1524 ne
586 1473 615 1523 in
630 1487 682 1524 usu
698 1473 808 1541 quidem
825 1473 900 1536 oiim,

99 1547 200 1600 nedum
210 1547 240 1598 iu
251 1545 356 1600 bonore
366 1547 425 1600 ullo
436 1553 497 1600 erat
507 1564 515 1611 ς
534 1548 597 1599 rudi
607 1549 714 1600 seilicet
724 1564 757 1600 ac
767 1549 902 1601 bellicosa

100 1624 244 1675 etiamtum
256 1622 375 1686 civitate,
387 1624 501 1675 necdum
512 1637 678 1692 magnopere
688 1624 849 1676 liberalibus
860 1626 900 1675 di·
960 1683 964 1692 Ι

102 1697 229 1766 sciplinis
249 1703 373 1750 vacante.
422 1698 533 1749 Initium
553 1715 662 1768 quoque
682 1700 741 1752 eius
761 1701 900 1752 mediocre

101 1774 211 1827 extitit:
233 1774 367 1842 siquidem
383 1772 568 1839 antiquissimi
583 1775 739 1838 doctorum,
755 1776 802 1842 qui
815 1775 900 1826 iidem

101 1856 129 1901 ct
142 1855 243 1918 poetae
258 1854 286 1899 ct
300 1848 462 1915 semigraeoi
476 1855 554 1898 eraut
568 1848 687 1910 (Lrvruu
698 1855 726 1902 et
735 1849 849 1900 Eanum
859 1850 899 1899 di-

101 1941 148 1988 co,
171 1939 241 1993 quos
265 1931 382 1991 utraque
407 1921 501 1989 lingua
527 1921 602 1974 domi
624 1922 748 1989 forisque
773 1924 900 1975 docuisse

101 2000 235 2052 adnotum
246 2005 314 2063 est),
329 1997 399 2050 nihil
414 1997 532 2065 amplius
548 2013 629 2064 quam
645 1996 752 2048 Graeca
766 1999 899 2066 interpre-

100 2075 250 2126 tabantur:
271 2079 320 2124 aut
339 2073 449 2142 siquid
468 2073 524 2142 ipsi
544 2071 644 2124 Latine
664 2074 897 2140 composuissent,

99 2149 305 2218 praelegebant.
344 2149 414 2200 Nam
435 2148 510 2216 quod
529 2146 655 2200 nonnulli
685 2149 806 2213 tradunt,
827 2149 898 2200 duos

100 2226 189 2277 libros
201 2225 231 2276 dc
242 2221 337 2276 litteris
348 2224 510 2292 syllabisque,
522 2225 586 2276 item
599 2224 629 2275 de
639 2222 742 2286 metris,
755 2224 790 2276 ab
801 2225 897 2277 eodem

99 2301 190 2352 Ennio
206 2300 309 2363 editos,
325 2301 384 2351 iure
399 2302 491 2367 arguit
503 2299 537 2350 L.
550 2299 644 2365 Cotta,
655 2315 711 2352 non
721 2306 832 2367 poetae,
848 2301 898 2352 sed

99 2376 265 2443 posterioris
276 2375 359 2426 Ennii
372 2391 443 2438 esse,
460 2377 537 2426 cuius
552 2376 634 2428 etiam
646 2375 677 2426 de
691 2375 845 2444 augrsrnudc'
858 2376 897 2426 ai-

99 2450 504 2520 m‘pliocvolruniuaferautur.
867 2455 870 2460 '

155 2524 191 2578 11.
210 2525 320 2578 Primus
333 2527 431 2594 igitur,
453 2533 583 2592 quantum
598 2527 755 2592 opinamur,
776 2526 896 2580 studium

98 2604 297 2670 grammaticae
314 2603 343 2652 in
357 2603 456 2654 Urbem
475 2603 571 2653 intulit
585 2601 702 2652 Caurus
715 2601 895 2669 Mutuom,

97 2676 253 2729 Aristarchi
264 2679 396 2745 aequalis,
408 2678 454 2744 qui
465 2678 564 2728 missua
575 2676 611 2727 ad
622 2682 745 2728 senatum
756 2677 791 2727 ab
801 2677 894 2732 Attalo

98 2754 250 2820 rege,inter
259 2753 408 2810 secundum
418 2759 446 2804 et
454 2753 566 2806 tertium
575 2752 677 2804 beilum
688 2751 830 2816 Punicum,
843 2756 894 2806 sub
908 2779 910 2787 ν
