<?xml version="1.0" encoding="UTF-8"?>
<!DOCTYPE html PUBLIC "-//W3C//DTD XHTML 1.0 Transitional//EN"
    "http://www.w3.org/TR/xhtml1/DTD/xhtml1-transitional.dtd">
<html xmlns="http://www.w3.org/1999/xhtml" xml:lang="en" lang="en">
 <head>
  <title>
</title>
<meta http-equiv="Content-Type" content="text/html;charset=utf-8" />
  <meta name='ocr-system' content='tesseract 3.04.00' />
  <meta name='ocr-capabilities' content='ocr_page ocr_carea ocr_par ocr_line ocrx_word'/>
</head>
<body>
  <div class='ocr_page' id='page_1' title='image "./csuetoniitranqu05suetgoog_0346.png"; bbox 0 0 2044 3028; ppageno 0'>
   <div class='ocr_carea' id='block_1_1' title="bbox 155 209 671 302">
    <p class='ocr_par' dir='ltr' id='par_1_1' title="bbox 155 209 671 302">
     <span class='ocr_line' id='line_1_1' title="bbox 155 209 671 302; baseline -0.021 0"><span class='ocrx_word' id='word_1_1' title='bbox 155 247 205 302; x_wconf 70' lang='grc'><strong>336</strong></span> <span class='ocrx_word' id='word_1_2' title='bbox 323 209 328 224; x_wconf 45' lang='grc' dir='ltr'>Ι</span> <span class='ocrx_word' id='word_1_3' title='bbox 431 249 458 294; x_wconf 78' lang='grc'><strong>0.</strong></span> <span class='ocrx_word' id='word_1_4' title='bbox 484 247 671 294; x_wconf 80' lang='lat' dir='ltr'><strong>SUETONll</strong></span> 
     </span>
    </p>
   </div>
   <div class='ocr_carea' id='block_1_2' title="bbox 157 371 1004 2846">
    <p class='ocr_par' dir='ltr' id='par_1_2' title="bbox 157 371 959 1265">
     <span class='ocr_line' id='line_1_2' title="bbox 158 371 959 445; baseline -0.01 -13"><span class='ocrx_word' id='word_1_5' title='bbox 158 392 219 432; x_wconf 89' lang='lat' dir='ltr'><strong>eum</strong></span> <span class='ocrx_word' id='word_1_6' title='bbox 233 389 328 445; x_wconf 83' lang='lat' dir='ltr'><strong>posse,</strong></span> <span class='ocrx_word' id='word_1_7' title='bbox 340 375 414 443; x_wconf 89' lang='lat' dir='ltr'><strong>quod</strong></span> <span class='ocrx_word' id='word_1_8' title='bbox 429 379 570 426; x_wconf 87' lang='lat' dir='ltr'><strong>exarmata</strong></span> <span class='ocrx_word' id='word_1_9' title='bbox 585 377 656 424; x_wconf 92' lang='lat' dir='ltr'><strong>esset</strong></span> <span class='ocrx_word' id='word_1_10' title='bbox 671 387 688 421; x_wconf 86' lang='lat' dir='ltr'><strong>a</strong></span> <span class='ocrx_word' id='word_1_11' title='bbox 703 371 777 424; x_wconf 86' lang='lat' dir='ltr'><strong>love.</strong></span> <span class='ocrx_word' id='word_1_12' title='bbox 818 371 905 424; x_wconf 85' lang='lat' dir='ltr'><strong>Nulla</strong></span> <span class='ocrx_word' id='word_1_13' title='bbox 916 376 959 424; x_wconf 88' lang='lat' dir='ltr'><strong>ta-</strong></span> 
     </span>
     <span class='ocr_line' id='line_1_3' title="bbox 158 451 958 519; baseline -0.009 -13"><span class='ocrx_word' id='word_1_14' title='bbox 158 469 220 506; x_wconf 85' lang='lat' dir='ltr'><strong>men</strong></span> <span class='ocrx_word' id='word_1_15' title='bbox 234 468 263 502; x_wconf 91' lang='lat' dir='ltr'><strong>re</strong></span> <span class='ocrx_word' id='word_1_16' title='bbox 279 451 392 519; x_wconf 84' lang='lat' dir='ltr'>perinde</span> <span class='ocrx_word' id='word_1_17' title='bbox 407 457 498 501; x_wconf 90' lang='lat' dir='ltr'><strong>motus</strong></span> <span class='ocrx_word' id='word_1_18' title='bbox 512 455 565 512; x_wconf 87' lang='lat' dir='ltr'><strong>est,</strong></span> <span class='ocrx_word' id='word_1_19' title='bbox 587 463 670 514; x_wconf 87' lang='lat' dir='ltr'><strong>quam</strong></span> <span class='ocrx_word' id='word_1_20' title='bbox 684 461 820 514; x_wconf 86' lang='lat' dir='ltr'><strong>responso</strong></span> <span class='ocrx_word' id='word_1_21' title='bbox 837 464 958 516; x_wconf 87' lang='lat' dir='ltr'><strong>casuque</strong></span> 
     </span>
     <span class='ocr_line' id='line_1_4' title="bbox 157 523 957 586; baseline -0.005 -8"><span class='ocrx_word' id='word_1_22' title='bbox 157 527 354 580; x_wconf 73' lang='lat' dir='ltr'><strong>Ascletarionis</strong></span> <span class='ocrx_word' id='word_1_23' title='bbox 370 524 565 576; x_wconf 77' lang='lat' dir='ltr'><strong>mathematici.</strong></span> <span class='ocrx_word' id='word_1_24' title='bbox 603 523 685 574; x_wconf 84' lang='lat' dir='ltr'><strong>Hunc</strong></span> <span class='ocrx_word' id='word_1_25' title='bbox 699 523 835 586; x_wconf 86' lang='lat' dir='ltr'><strong>delatum,</strong></span> <span class='ocrx_word' id='word_1_26' title='bbox 851 540 904 574; x_wconf 86' lang='lat' dir='ltr'><strong>neo</strong></span> <span class='ocrx_word' id='word_1_27' title='bbox 918 526 957 574; x_wconf 90' lang='lat' dir='ltr'><strong>in·</strong></span> 
     </span>
     <span class='ocr_line' id='line_1_5' title="bbox 158 598 954 667; baseline -0.008 -12"><span class='ocrx_word' id='word_1_28' title='bbox 158 604 290 655; x_wconf 84' lang='lat' dir='ltr'><strong>titiantem</strong></span> <span class='ocrx_word' id='word_1_29' title='bbox 300 602 419 652; x_wconf 82' lang='lat' dir='ltr'><strong>iactasse</strong></span> <span class='ocrx_word' id='word_1_30' title='bbox 429 617 467 663; x_wconf 87' lang='lat' dir='ltr'><strong>se,</strong></span> <span class='ocrx_word' id='word_1_31' title='bbox 479 615 550 667; x_wconf 90' lang='lat' dir='ltr'><strong>quae</strong></span> <span class='ocrx_word' id='word_1_32' title='bbox 560 598 725 664; x_wconf 87' lang='lat' dir='ltr'><strong>providisset</strong></span> <span class='ocrx_word' id='word_1_33' title='bbox 736 613 771 649; x_wconf 82' lang='lat' dir='ltr'><strong>ex</strong></span> <span class='ocrx_word' id='word_1_34' title='bbox 782 605 851 661; x_wconf 88' lang='lat' dir='ltr'><strong>arte,</strong></span> <span class='ocrx_word' id='word_1_35' title='bbox 862 600 954 650; x_wconf 86' lang='lat' dir='ltr'><strong>scisci-</strong></span> 
     </span>
     <span class='ocr_line' id='line_1_6' title="bbox 158 671 954 742; baseline -0.008 -12"><span class='ocrx_word' id='word_1_36' title='bbox 158 685 231 730; x_wconf 90' lang='lat' dir='ltr'><strong>tatus</strong></span> <span class='ocrx_word' id='word_1_37' title='bbox 246 682 299 740; x_wconf 84' lang='lat' dir='ltr'><strong>est,</strong></span> <span class='ocrx_word' id='word_1_38' title='bbox 321 677 382 742; x_wconf 85' lang='lat' dir='ltr'><strong>quis</strong></span> <span class='ocrx_word' id='word_1_39' title='bbox 401 677 491 741; x_wconf 87' lang='lat' dir='ltr'><strong>ipsum</strong></span> <span class='ocrx_word' id='word_1_40' title='bbox 505 679 628 724; x_wconf 84' lang='lat' dir='ltr'><strong>maneret</strong></span> <span class='ocrx_word' id='word_1_41' title='bbox 641 671 752 724; x_wconf 74' lang='lat' dir='ltr'><strong>exitust</strong></span> <span class='ocrx_word' id='word_1_42' title='bbox 773 681 802 724; x_wconf 92' lang='lat' dir='ltr'><strong>et</strong></span> <span class='ocrx_word' id='word_1_43' title='bbox 818 675 954 724; x_wconf 84' lang='lat' dir='ltr'><strong>affirman-</strong></span> 
     </span>
     <span class='ocr_line' id='line_1_7' title="bbox 158 747 955 821; baseline -0.006 -17"><span class='ocrx_word' id='word_1_44' title='bbox 158 751 306 821; x_wconf 86' lang='lat' dir='ltr'><strong>tem,fore,</strong></span> <span class='ocrx_word' id='word_1_45' title='bbox 317 759 349 802; x_wconf 89' lang='lat' dir='ltr'><strong>ut</strong></span> <span class='ocrx_word' id='word_1_46' title='bbox 358 749 428 800; x_wconf 81' lang='lat' dir='ltr'><strong>breui</strong></span> <span class='ocrx_word' id='word_1_47' title='bbox 437 751 600 801; x_wconf 79' lang='lat' dir='ltr'><strong><em>laceraretur</em></strong></span> <span class='ocrx_word' id='word_1_48' title='bbox 610 765 626 798; x_wconf 90' lang='lat' dir='ltr'><strong>o</strong></span> <span class='ocrx_word' id='word_1_49' title='bbox 637 747 752 809; x_wconf 74' lang='lat' dir='ltr'><strong>conitus,</strong></span> <span class='ocrx_word' id='word_1_50' title='bbox 764 749 885 800; x_wconf 88' lang='lat' dir='ltr'><strong>interfici</strong></span> <span class='ocrx_word' id='word_1_51' title='bbox 897 750 955 816; x_wconf 87' lang='lat' dir='ltr'><strong>qui-</strong></span> 
     </span>
     <span class='ocr_line' id='line_1_8' title="bbox 158 824 954 892; baseline -0.006 -14"><span class='ocrx_word' id='word_1_52' title='bbox 158 829 218 879; x_wconf 91' lang='lat' dir='ltr'><strong>dem</strong></span> <span class='ocrx_word' id='word_1_53' title='bbox 230 827 288 877; x_wconf 84' lang='lat' dir='ltr'><strong>eine</strong></span> <span class='ocrx_word' id='word_1_54' title='bbox 300 841 386 889; x_wconf 85' lang='lat' dir='ltr'><strong>mora,</strong></span> <span class='ocrx_word' id='word_1_55' title='bbox 398 825 446 876; x_wconf 91' lang='lat' dir='ltr'><strong>sed</strong></span> <span class='ocrx_word' id='word_1_56' title='bbox 457 825 492 874; x_wconf 90' lang='lat' dir='ltr'><strong>ad</strong></span> <span class='ocrx_word' id='word_1_57' title='bbox 504 824 705 892; x_wconf 75' lang='lat' dir='ltr'>coarguendam</span> <span class='ocrx_word' id='word_1_58' title='bbox 715 824 900 875; x_wconf 74' lang='lat' dir='ltr'><strong>temeritatem</strong></span> <span class='ocrx_word' id='word_1_59' title='bbox 912 840 954 873; x_wconf 87' lang='lat' dir='ltr'><strong>ar-</strong></span> 
     </span>
     <span class='ocr_line' id='line_1_9' title="bbox 157 899 953 970; baseline -0.006 -17"><span class='ocrx_word' id='word_1_60' title='bbox 157 903 206 966; x_wconf 88' lang='lat' dir='ltr'><strong>tis,</strong></span> <span class='ocrx_word' id='word_1_61' title='bbox 218 901 329 968; x_wconf 87' lang='lat' dir='ltr'><strong>sepeliri</strong></span> <span class='ocrx_word' id='word_1_62' title='bbox 339 915 448 970; x_wconf 88' lang='lat' dir='ltr'><strong>quoque</strong></span> <span class='ocrx_word' id='word_1_63' title='bbox 459 900 664 952; x_wconf 72' lang='lat' dir='ltr'><strong>accuratissime</strong></span> <span class='ocrx_word' id='word_1_64' title='bbox 674 899 830 964; x_wconf 87' lang='lat' dir='ltr'><strong>imperavit.</strong></span> <span class='ocrx_word' id='word_1_65' title='bbox 872 899 953 960; x_wconf 80' lang='lat' dir='ltr'><strong>Quod</strong></span> 
     </span>
     <span class='ocr_line' id='line_1_10' title="bbox 159 974 951 1044; baseline -0.005 -16"><span class='ocrx_word' id='word_1_66' title='bbox 159 993 241 1044; x_wconf 90' lang='lat' dir='ltr'><strong>quum</strong></span> <span class='ocrx_word' id='word_1_67' title='bbox 252 977 341 1042; x_wconf 87' lang='lat' dir='ltr'><strong>tieret,</strong></span> <span class='ocrx_word' id='word_1_68' title='bbox 352 976 454 1039; x_wconf 86' lang='lat' dir='ltr'><strong>evenit,</strong></span> <span class='ocrx_word' id='word_1_69' title='bbox 465 981 508 1038; x_wconf 90' lang='lat' dir='ltr'><strong>ut,</strong></span> <span class='ocrx_word' id='word_1_70' title='bbox 519 975 662 1041; x_wconf 87' lang='lat' dir='ltr'><strong>repentina</strong></span> <span class='ocrx_word' id='word_1_71' title='bbox 671 979 834 1042; x_wconf 79' lang='lat' dir='ltr'><strong>tempestate</strong></span> <span class='ocrx_word' id='word_1_72' title='bbox 847 974 951 1025; x_wconf 88' lang='lat' dir='ltr'><strong>deiecto</strong></span> 
     </span>
     <span class='ocr_line' id='line_1_11' title="bbox 158 1049 953 1117; baseline -0.008 -13"><span class='ocrx_word' id='word_1_73' title='bbox 158 1053 261 1117; x_wconf 81' lang='lat' dir='ltr'><strong>funere,</strong></span> <span class='ocrx_word' id='word_1_74' title='bbox 273 1053 432 1104; x_wconf 86' lang='lat' dir='ltr'><strong>semiustum</strong></span> <span class='ocrx_word' id='word_1_75' title='bbox 443 1051 560 1101; x_wconf 87' lang='lat' dir='ltr'><strong>cadaver</strong></span> <span class='ocrx_word' id='word_1_76' title='bbox 571 1049 757 1116; x_wconf 73' lang='lat' dir='ltr'><strong>discerperent</strong></span> <span class='ocrx_word' id='word_1_77' title='bbox 767 1064 859 1112; x_wconf 86' lang='lat' dir='ltr'><strong>canes,</strong></span> <span class='ocrx_word' id='word_1_78' title='bbox 870 1049 953 1115; x_wconf 88' lang='lat' dir='ltr'><strong>idque</strong></span> 
     </span>
     <span class='ocr_line' id='line_1_12' title="bbox 158 1123 954 1190; baseline -0.008 -10"><span class='ocrx_word' id='word_1_79' title='bbox 158 1129 185 1179; x_wconf 86' lang='lat' dir='ltr'><strong>ei</strong></span> <span class='ocrx_word' id='word_1_80' title='bbox 205 1128 332 1180; x_wconf 83' lang='lat' dir='ltr'><strong>coenanti</strong></span> <span class='ocrx_word' id='word_1_81' title='bbox 352 1143 369 1176; x_wconf 89' lang='lat' dir='ltr'><strong>a</strong></span> <span class='ocrx_word' id='word_1_82' title='bbox 388 1127 471 1176; x_wconf 89' lang='lat' dir='ltr'><strong>mimo</strong></span> <span class='ocrx_word' id='word_1_83' title='bbox 492 1125 604 1187; x_wconf 85' lang='lat' dir='ltr'><strong>Latino,</strong></span> <span class='ocrx_word' id='word_1_84' title='bbox 626 1125 673 1190; x_wconf 90' lang='lat' dir='ltr'><strong>qni</strong></span> <span class='ocrx_word' id='word_1_85' title='bbox 692 1125 862 1190; x_wconf 87' lang='lat' dir='ltr'><strong>praeteriens</strong></span> <span class='ocrx_word' id='word_1_86' title='bbox 881 1123 954 1174; x_wconf 82' lang='lat' dir='ltr'><strong>torte</strong></span> 
     </span>
     <span class='ocr_line' id='line_1_13' title="bbox 159 1198 952 1265; baseline -0.009 -10"><span class='ocrx_word' id='word_1_87' title='bbox 159 1203 400 1265; x_wconf 82' lang='lat' dir='ltr'><strong>auinradverterat‚</strong></span> <span class='ocrx_word' id='word_1_88' title='bbox 411 1202 482 1252; x_wconf 89' lang='lat' dir='ltr'><strong>inter</strong></span> <span class='ocrx_word' id='word_1_89' title='bbox 493 1205 597 1250; x_wconf 83' lang='lat' dir='ltr'><strong>ceteras</strong></span> <span class='ocrx_word' id='word_1_90' title='bbox 608 1199 663 1250; x_wconf 85' lang='lat' dir='ltr'><strong>diei</strong></span> <span class='ocrx_word' id='word_1_91' title='bbox 673 1198 783 1250; x_wconf 83' lang='lat' dir='ltr'><strong>fabulas</strong></span> <span class='ocrx_word' id='word_1_92' title='bbox 795 1198 952 1250; x_wconf 86' lang='lat' dir='ltr'><strong>referretur.</strong></span> 
     </span>
    </p>

    <p class='ocr_par' dir='ltr' id='par_1_3' title="bbox 157 1274 1004 2680">
     <span class='ocr_line' id='line_1_14' title="bbox 212 1274 953 1344; baseline -0.007 -16"><span class='ocrx_word' id='word_1_93' title='bbox 212 1275 286 1329; x_wconf 82' lang='lat' dir='ltr'><strong>xvi.</strong></span> <span class='ocrx_word' id='word_1_94' title='bbox 306 1276 399 1328; x_wconf 86' lang='lat' dir='ltr'><strong>Pridie</strong></span> <span class='ocrx_word' id='word_1_95' title='bbox 410 1291 492 1344; x_wconf 90' lang='lat' dir='ltr'><strong>quam</strong></span> <span class='ocrx_word' id='word_1_96' title='bbox 501 1275 615 1342; x_wconf 87' lang='lat' dir='ltr'><strong>periret,</strong></span> <span class='ocrx_word' id='word_1_97' title='bbox 628 1290 710 1341; x_wconf 90' lang='lat' dir='ltr'><strong>quum</strong></span> <span class='ocrx_word' id='word_1_98' title='bbox 722 1274 834 1324; x_wconf 85' lang='lat' dir='ltr'><strong>oblatos</strong></span> <span class='ocrx_word' id='word_1_99' title='bbox 843 1274 953 1325; x_wconf 88' lang='lat' dir='ltr'><strong>tuberes</strong></span> 
     </span>
     <span class='ocr_line' id='line_1_15' title="bbox 158 1347 952 1413; baseline -0.01 -8"><span class='ocrx_word' id='word_1_100' title='bbox 158 1353 262 1406; x_wconf 85' lang='lat' dir='ltr'><strong>servari</strong></span> <span class='ocrx_word' id='word_1_101' title='bbox 271 1353 398 1404; x_wconf 85' lang='lat' dir='ltr'><strong>iussisset</strong></span> <span class='ocrx_word' id='word_1_102' title='bbox 407 1353 436 1402; x_wconf 92' lang='lat' dir='ltr'><strong>in</strong></span> <span class='ocrx_word' id='word_1_103' title='bbox 448 1351 609 1412; x_wconf 88' lang='lat' dir='ltr'><strong>crastinum,</strong></span> <span class='ocrx_word' id='word_1_104' title='bbox 622 1349 732 1413; x_wconf 85' lang='lat' dir='ltr'><strong>adiecit,</strong></span> <span class='ocrx_word' id='word_1_105' title='bbox 745 1347 775 1398; x_wconf 78' lang='lat' dir='ltr'><strong>Si</strong></span> <span class='ocrx_word' id='word_1_106' title='bbox 784 1349 860 1400; x_wconf 84' lang='lat' dir='ltr'><strong>modo</strong></span> <span class='ocrx_word' id='word_1_107' title='bbox 870 1347 913 1399; x_wconf 80' lang='lat' dir='ltr'><strong>uts&#39;</strong></span> <span class='ocrx_word' id='word_1_108' title='bbox 921 1348 952 1398; x_wconf 81' lang='lat' dir='ltr'><strong>o·-</strong></span> 
     </span>
     <span class='ocr_line' id='line_1_16' title="bbox 158 1419 950 1491; baseline -0.013 -9"><span class='ocrx_word' id='word_1_109' title='bbox 158 1427 260 1482; x_wconf 83' lang='lat' dir='ltr'><strong>cuers&#39;t:</strong></span> <span class='ocrx_word' id='word_1_110' title='bbox 280 1433 308 1479; x_wconf 90' lang='lat' dir='ltr'><strong>et</strong></span> <span class='ocrx_word' id='word_1_111' title='bbox 322 1442 468 1478; x_wconf 86' lang='lat' dir='ltr'><strong>conversus</strong></span> <span class='ocrx_word' id='word_1_112' title='bbox 483 1425 518 1476; x_wconf 89' lang='lat' dir='ltr'><strong>ad</strong></span> <span class='ocrx_word' id='word_1_113' title='bbox 536 1425 677 1491; x_wconf 85' lang='lat' dir='ltr'><strong>proximos</strong></span> <span class='ocrx_word' id='word_1_114' title='bbox 692 1424 851 1488; x_wconf 62' lang='lat' dir='ltr'><strong>ffirusavit,</strong></span> <span class='ocrx_word' id='word_1_115' title='bbox 871 1419 950 1485; x_wconf 84' lang='lat' dir='ltr'><strong>Fore,</strong></span> 
     </span>
     <span class='ocr_line' id='line_1_17' title="bbox 158 1498 951 1571; baseline -0.008 -16"><span class='ocrx_word' id='word_1_116' title='bbox 158 1513 189 1555; x_wconf 86' lang='lat' dir='ltr'><strong>ut</strong></span> <span class='ocrx_word' id='word_1_117' title='bbox 198 1503 316 1571; x_wconf 75' lang='lat' dir='ltr'><strong>sequenti</strong></span> <span class='ocrx_word' id='word_1_118' title='bbox 325 1502 367 1554; x_wconf 81' lang='lat' dir='ltr'><strong>die</strong></span> <span class='ocrx_word' id='word_1_119' title='bbox 375 1501 455 1554; x_wconf 80' lang='lat' dir='ltr'><strong>Luna</strong></span> <span class='ocrx_word' id='word_1_120' title='bbox 465 1518 491 1552; x_wconf 90' lang='lat' dir='ltr'><strong>se</strong></span> <span class='ocrx_word' id='word_1_121' title='bbox 501 1499 529 1550; x_wconf 84' lang='lat' dir='ltr'><strong>in</strong></span> <span class='ocrx_word' id='word_1_122' title='bbox 535 1499 653 1566; x_wconf 77' lang='lat' dir='ltr'><strong>Aquario</strong></span> <span class='ocrx_word' id='word_1_123' title='bbox 665 1508 825 1560; x_wconf 81' lang='lat' dir='ltr'><strong>cruentaret,</strong></span> <span class='ocrx_word' id='word_1_124' title='bbox 830 1498 951 1570; x_wconf 83' lang='lat' dir='ltr'><strong>sectum-</strong></span> 
     </span>
     <span class='ocr_line' id='line_1_18' title="bbox 159 1572 953 1646; baseline -0.009 -15"><span class='ocrx_word' id='word_1_125' title='bbox 159 1595 207 1646; x_wconf 88' lang='lat' dir='ltr'><strong>que</strong></span> <span class='ocrx_word' id='word_1_126' title='bbox 221 1579 328 1644; x_wconf 76' lang='lat' dir='ltr'><strong>aliquod</strong></span> <span class='ocrx_word' id='word_1_127' title='bbox 336 1576 483 1637; x_wconf 81' lang='lat' dir='ltr'><strong>exsisteret,</strong></span> <span class='ocrx_word' id='word_1_128' title='bbox 496 1576 527 1626; x_wconf 84' lang='lat' dir='ltr'><strong>de</strong></span> <span class='ocrx_word' id='word_1_129' title='bbox 538 1591 587 1641; x_wconf 89' lang='lat' dir='ltr'><strong>quo</strong></span> <span class='ocrx_word' id='word_1_130' title='bbox 599 1577 765 1640; x_wconf 78' lang='lat' dir='ltr'><strong>loquerentur</strong></span> <span class='ocrx_word' id='word_1_131' title='bbox 775 1572 894 1626; x_wconf 75' lang='lat' dir='ltr'><strong>domines</strong></span> <span class='ocrx_word' id='word_1_132' title='bbox 904 1591 953 1641; x_wconf 86' lang='lat' dir='ltr'><strong>per</strong></span> 
     </span>
     <span class='ocr_line' id='line_1_19' title="bbox 159 1650 952 1707; baseline -0.009 0"><span class='ocrx_word' id='word_1_133' title='bbox 159 1665 291 1707; x_wconf 82' lang='lat' dir='ltr'><strong>terrorum</strong></span> <span class='ocrx_word' id='word_1_134' title='bbox 306 1652 401 1704; x_wconf 85' lang='lat' dir='ltr'><strong>ortem.</strong></span> <span class='ocrx_word' id='word_1_135' title='bbox 442 1652 522 1702; x_wconf 88' lang='lat' dir='ltr'><strong>Circa</strong></span> <span class='ocrx_word' id='word_1_136' title='bbox 536 1651 654 1704; x_wconf 86' lang='lat' dir='ltr'><strong>mediam</strong></span> <span class='ocrx_word' id='word_1_137' title='bbox 668 1655 777 1702; x_wconf 89' lang='lat' dir='ltr'><strong>noctem</strong></span> <span class='ocrx_word' id='word_1_138' title='bbox 796 1650 839 1700; x_wconf 88' lang='lat' dir='ltr'><strong>ita</strong></span> <span class='ocrx_word' id='word_1_139' title='bbox 853 1655 895 1700; x_wconf 91' lang='lat' dir='ltr'><strong>est</strong></span> <span class='ocrx_word' id='word_1_140' title='bbox 908 1665 952 1700; x_wconf 84' lang='lat' dir='ltr'><strong>ex-</strong></span> 
     </span>
     <span class='ocr_line' id='line_1_20' title="bbox 157 1723 952 1794; baseline -0.009 -13"><span class='ocrx_word' id='word_1_141' title='bbox 157 1730 282 1792; x_wconf 86' lang='lat' dir='ltr'><strong>territus,</strong></span> <span class='ocrx_word' id='word_1_142' title='bbox 293 1734 324 1778; x_wconf 94' lang='lat' dir='ltr'><strong>nt</strong></span> <span class='ocrx_word' id='word_1_143' title='bbox 333 1743 367 1778; x_wconf 83' lang='lat' dir='ltr'><strong>ex</strong></span> <span class='ocrx_word' id='word_1_144' title='bbox 377 1733 464 1778; x_wconf 89' lang='lat' dir='ltr'><strong>strato</strong></span> <span class='ocrx_word' id='word_1_145' title='bbox 475 1725 625 1794; x_wconf 84' lang='lat' dir='ltr'><strong>prosiliret.</strong></span> <span class='ocrx_word' id='word_1_146' title='bbox 663 1723 770 1776; x_wconf 88' lang='lat' dir='ltr'><strong>Debino</strong></span> <span class='ocrx_word' id='word_1_147' title='bbox 780 1739 862 1776; x_wconf 85' lang='lat' dir='ltr'><strong>mane</strong></span> <span class='ocrx_word' id='word_1_148' title='bbox 872 1723 952 1775; x_wconf 91' lang='lat' dir='ltr'><strong>haru-</strong></span> 
     </span>
     <span class='ocr_line' id='line_1_21' title="bbox 159 1797 952 1873; baseline -0.009 -16"><span class='ocrx_word' id='word_1_149' title='bbox 159 1806 261 1873; x_wconf 84' lang='lat' dir='ltr'><strong>spicem</strong></span> <span class='ocrx_word' id='word_1_150' title='bbox 276 1819 309 1855; x_wconf 87' lang='lat' dir='ltr'><strong>ex</strong></span> <span class='ocrx_word' id='word_1_151' title='bbox 324 1802 472 1854; x_wconf 84' lang='lat' dir='ltr'><strong>Germania</strong></span> <span class='ocrx_word' id='word_1_152' title='bbox 486 1803 612 1864; x_wconf 89' lang='lat' dir='ltr'><strong>missum,</strong></span> <span class='ocrx_word' id='word_1_153' title='bbox 633 1801 681 1868; x_wconf 90' lang='lat' dir='ltr'><strong>qui</strong></span> <span class='ocrx_word' id='word_1_154' title='bbox 695 1799 837 1851; x_wconf 85' lang='lat' dir='ltr'><strong>consultus</strong></span> <span class='ocrx_word' id='word_1_155' title='bbox 852 1801 886 1851; x_wconf 89' lang='lat' dir='ltr'><strong>de</strong></span> <span class='ocrx_word' id='word_1_156' title='bbox 901 1797 952 1850; x_wconf 84' lang='lat' dir='ltr'><strong>iul-</strong></span> 
     </span>
     <span class='ocr_line' id='line_1_22' title="bbox 158 1875 952 1949; baseline -0.01 -16"><span class='ocrx_word' id='word_1_157' title='bbox 158 1897 225 1949; x_wconf 85' lang='lat' dir='ltr'><strong>gure</strong></span> <span class='ocrx_word' id='word_1_158' title='bbox 240 1880 420 1933; x_wconf 83' lang='lat' dir='ltr'><strong>mutationem</strong></span> <span class='ocrx_word' id='word_1_159' title='bbox 434 1893 525 1928; x_wconf 86' lang='lat' dir='ltr'><strong>rerum</strong></span> <span class='ocrx_word' id='word_1_160' title='bbox 539 1875 725 1944; x_wconf 80' lang='lat' dir='ltr'><strong>praedixerat,</strong></span> <span class='ocrx_word' id='word_1_161' title='bbox 742 1875 835 1926; x_wconf 87' lang='lat' dir='ltr'><strong>audiit</strong></span> <span class='ocrx_word' id='word_1_162' title='bbox 854 1875 952 1926; x_wconf 86' lang='lat' dir='ltr'><strong>conde-</strong></span> 
     </span>
     <span class='ocr_line' id='line_1_23' title="bbox 159 1949 952 2024; baseline -0.009 -17"><span class='ocrx_word' id='word_1_163' title='bbox 159 1957 324 2024; x_wconf 87' lang='lat' dir='ltr'><strong>mnavitque.</strong></span> <span class='ocrx_word' id='word_1_164' title='bbox 352 1949 799 2004; x_wconf 82' lang='lat' dir='ltr'><strong>Aedumexuloerataminfronte</strong></span> <span class='ocrx_word' id='word_1_165' title='bbox 811 1965 952 2002; x_wconf 87' lang='lat' dir='ltr'><strong>verrucam</strong></span> 
     </span>
     <span class='ocr_line' id='line_1_24' title="bbox 159 2023 952 2096; baseline -0.011 -13"><span class='ocrx_word' id='word_1_166' title='bbox 159 2031 343 2084; x_wconf 85' lang='lat' dir='ltr'><strong>vehementius</strong></span> <span class='ocrx_word' id='word_1_167' title='bbox 363 2029 473 2096; x_wconf 84' lang='lat' dir='ltr'><strong>scalpit,</strong></span> <span class='ocrx_word' id='word_1_168' title='bbox 494 2026 645 2095; x_wconf 84' lang='lat' dir='ltr'><strong>profluente</strong></span> <span class='ocrx_word' id='word_1_169' title='bbox 665 2026 811 2092; x_wconf 81' lang='lat' dir='ltr'><strong>sanguine,</strong></span> <span class='ocrx_word' id='word_1_170' title='bbox 835 2023 952 2087; x_wconf 73' lang='lat' dir='ltr'><strong>usnam,</strong></span> 
     </span>
     <span class='ocr_line' id='line_1_25' title="bbox 159 2101 953 2175; baseline -0.009 -17"><span class='ocrx_word' id='word_1_171' title='bbox 159 2107 261 2175; x_wconf 90' lang='lat' dir='ltr'><strong>inquit,</strong></span> <span class='ocrx_word' id='word_1_172' title='bbox 272 2105 398 2157; x_wconf 74' lang='lat' dir='ltr'><strong>kactenus</strong></span> <span class='ocrx_word' id='word_1_173' title='bbox 409 2106 418 2154; x_wconf 86' lang='lat' dir='ltr'><strong>l</strong></span> <span class='ocrx_word' id='word_1_174' title='bbox 456 2105 535 2154; x_wconf 69' lang='lat' dir='ltr'><strong>&#39;lime</strong></span> <span class='ocrx_word' id='word_1_175' title='bbox 544 2101 627 2153; x_wconf 85' lang='lat' dir='ltr'><strong>horas</strong></span> <span class='ocrx_word' id='word_1_176' title='bbox 637 2101 800 2168; x_wconf 89' lang='lat' dir='ltr'><strong>requirenti,</strong></span> <span class='ocrx_word' id='word_1_177' title='bbox 811 2116 863 2166; x_wconf 88' lang='lat' dir='ltr'><strong>pro</strong></span> <span class='ocrx_word' id='word_1_178' title='bbox 875 2101 953 2168; x_wconf 91' lang='lat' dir='ltr'><strong>qnin-</strong></span> 
     </span>
     <span class='ocr_line' id='line_1_26' title="bbox 160 2176 952 2248; baseline -0.009 -16"><span class='ocrx_word' id='word_1_179' title='bbox 160 2188 190 2232; x_wconf 87' lang='lat' dir='ltr'><strong>ta</strong></span> <span class='ocrx_word' id='word_1_180' title='bbox 197 2219 205 2245; x_wconf 93' lang='lat'><strong>,</strong></span> <span class='ocrx_word' id='word_1_181' title='bbox 218 2196 299 2248; x_wconf 89' lang='lat' dir='ltr'><strong>quam</strong></span> <span class='ocrx_word' id='word_1_182' title='bbox 313 2179 464 2242; x_wconf 85' lang='lat' dir='ltr'><strong>metuebat,</strong></span> <span class='ocrx_word' id='word_1_183' title='bbox 476 2184 553 2228; x_wconf 83' lang='lat' dir='ltr'><strong>sexta</strong></span> <span class='ocrx_word' id='word_1_184' title='bbox 563 2192 596 2228; x_wconf 86' lang='lat' dir='ltr'><strong>ex</strong></span> <span class='ocrx_word' id='word_1_185' title='bbox 610 2176 746 2228; x_wconf 88' lang='lat' dir='ltr'><strong>industria</strong></span> <span class='ocrx_word' id='word_1_186' title='bbox 760 2176 893 2227; x_wconf 70' lang='lat' dir='ltr'><strong>nunmata</strong></span> <span class='ocrx_word' id='word_1_187' title='bbox 904 2182 952 2226; x_wconf 91' lang='lat' dir='ltr'><strong>est.</strong></span> 
     </span>
     <span class='ocr_line' id='line_1_27' title="bbox 159 2250 1004 2320; baseline -0.011 -12"><span class='ocrx_word' id='word_1_188' title='bbox 159 2256 213 2308; x_wconf 87' lang='lat' dir='ltr'><strong>llis</strong></span> <span class='ocrx_word' id='word_1_189' title='bbox 232 2256 308 2307; x_wconf 86' lang='lat' dir='ltr'><strong>velut</strong></span> <span class='ocrx_word' id='word_1_190' title='bbox 325 2260 465 2306; x_wconf 87' lang='lat' dir='ltr'><strong>transacto</strong></span> <span class='ocrx_word' id='word_1_191' title='bbox 485 2253 542 2304; x_wconf 90' lang='lat' dir='ltr'><strong>iam</strong></span> <span class='ocrx_word' id='word_1_192' title='bbox 555 2251 676 2320; x_wconf 86' lang='lat' dir='ltr'><strong>periculo</strong></span> <span class='ocrx_word' id='word_1_193' title='bbox 688 2251 806 2314; x_wconf 80' lang='lat' dir='ltr'><strong>laetum,</strong></span> <span class='ocrx_word' id='word_1_194' title='bbox 821 2250 952 2302; x_wconf 84' lang='lat' dir='ltr'><strong>festinan·</strong></span> <span class='ocrx_word' id='word_1_195' title='bbox 1003 2269 1004 2278; x_wconf 60' lang='lat'>2</span> 
     </span>
     <span class='ocr_line' id='line_1_28' title="bbox 159 2323 951 2399; baseline -0.01 -16"><span class='ocrx_word' id='word_1_196' title='bbox 159 2338 267 2399; x_wconf 89' lang='lat' dir='ltr'><strong>temque</strong></span> <span class='ocrx_word' id='word_1_197' title='bbox 297 2330 332 2380; x_wconf 88' lang='lat' dir='ltr'><strong>ad</strong></span> <span class='ocrx_word' id='word_1_198' title='bbox 361 2329 486 2396; x_wconf 86' lang='lat' dir='ltr'><strong>corporis</strong></span> <span class='ocrx_word' id='word_1_199' title='bbox 511 2342 615 2388; x_wconf 77' lang='lat' dir='ltr'><strong>cruam,</strong></span> <span class='ocrx_word' id='word_1_200' title='bbox 636 2323 799 2377; x_wconf 89' lang='lat' dir='ltr'><strong>Parthenius</strong></span> <span class='ocrx_word' id='word_1_201' title='bbox 825 2326 951 2376; x_wconf 86' lang='lat' dir='ltr'><strong>eubiculo</strong></span> 
     </span>
     <span class='ocr_line' id='line_1_29' title="bbox 160 2399 952 2473; baseline -0.009 -16"><span class='ocrx_word' id='word_1_202' title='bbox 160 2406 335 2473; x_wconf 84' lang='lat' dir='ltr'><strong>praepositus</strong></span> <span class='ocrx_word' id='word_1_203' title='bbox 350 2404 496 2465; x_wconf 89' lang='lat' dir='ltr'><strong>convertit,</strong></span> <span class='ocrx_word' id='word_1_204' title='bbox 516 2403 662 2465; x_wconf 86' lang='lat' dir='ltr'><strong>nuncians,</strong></span> <span class='ocrx_word' id='word_1_205' title='bbox 683 2417 748 2462; x_wconf 89' lang='lat' dir='ltr'><strong>esse,</strong></span> <span class='ocrx_word' id='word_1_206' title='bbox 766 2399 812 2466; x_wconf 87' lang='lat' dir='ltr'><strong>qui</strong></span> <span class='ocrx_word' id='word_1_207' title='bbox 826 2416 952 2470; x_wconf 80' lang='lat' dir='ltr'><strong>magnum</strong></span> 
     </span>
     <span class='ocr_line' id='line_1_30' title="bbox 160 2473 952 2546; baseline -0.005 -16"><span class='ocrx_word' id='word_1_208' title='bbox 160 2480 246 2530; x_wconf 82' lang='lat' dir='ltr'><strong>nescio</strong></span> <span class='ocrx_word' id='word_1_209' title='bbox 261 2479 325 2545; x_wconf 83' lang='lat' dir='ltr'><strong>quid</strong></span> <span class='ocrx_word' id='word_1_210' title='bbox 338 2475 460 2546; x_wconf 80' lang='lat' dir='ltr'><strong>offerret,</strong></span> <span class='ocrx_word' id='word_1_211' title='bbox 476 2493 523 2528; x_wconf 88' lang='lat' dir='ltr'><strong>nec</strong></span> <span class='ocrx_word' id='word_1_212' title='bbox 543 2473 724 2544; x_wconf 80' lang='lat' dir='ltr'><strong>differendum.</strong></span> <span class='ocrx_word' id='word_1_213' title='bbox 764 2475 860 2544; x_wconf 89' lang='lat' dir='ltr'><strong>ltaque</strong></span> <span class='ocrx_word' id='word_1_214' title='bbox 880 2491 952 2526; x_wconf 74' lang='lat' dir='ltr'><strong>sism-</strong></span> 
     </span>
     <span class='ocr_line' id='line_1_31' title="bbox 160 2550 953 2618; baseline -0.005 -14"><span class='ocrx_word' id='word_1_215' title='bbox 160 2554 244 2604; x_wconf 89' lang='lat' dir='ltr'><strong>motis</strong></span> <span class='ocrx_word' id='word_1_216' title='bbox 255 2555 380 2605; x_wconf 89' lang='lat' dir='ltr'><strong>omnibus</strong></span> <span class='ocrx_word' id='word_1_217' title='bbox 390 2555 419 2604; x_wconf 88' lang='lat' dir='ltr'><strong>in</strong></span> <span class='ocrx_word' id='word_1_218' title='bbox 430 2552 585 2604; x_wconf 89' lang='lat' dir='ltr'><strong>cubiculum</strong></span> <span class='ocrx_word' id='word_1_219' title='bbox 596 2568 625 2602; x_wconf 87' lang='lat' dir='ltr'><strong>se</strong></span> <span class='ocrx_word' id='word_1_220' title='bbox 636 2551 750 2618; x_wconf 90' lang='lat' dir='ltr'><strong>recepit,</strong></span> <span class='ocrx_word' id='word_1_221' title='bbox 764 2556 845 2617; x_wconf 86' lang='lat' dir='ltr'><strong>atque</strong></span> <span class='ocrx_word' id='word_1_222' title='bbox 856 2550 899 2601; x_wconf 91' lang='lat' dir='ltr'><strong>ibi</strong></span> <span class='ocrx_word' id='word_1_223' title='bbox 909 2566 953 2602; x_wconf 89' lang='lat' dir='ltr'><strong>oc-</strong></span> 
     </span>
     <span class='ocr_line' id='line_1_32' title="bbox 161 2628 293 2680; baseline 0.03 -4"><span class='ocrx_word' id='word_1_224' title='bbox 161 2628 293 2680; x_wconf 84' lang='lat' dir='ltr'><strong>cisusest.</strong></span> 
     </span>
    </p>

    <p class='ocr_par' dir='ltr' id='par_1_4' title="bbox 162 2697 953 2846">
     <span class='ocr_line' id='line_1_33' title="bbox 214 2697 953 2769; baseline 0.003 -20"><span class='ocrx_word' id='word_1_225' title='bbox 214 2700 274 2750; x_wconf 89' lang='lat' dir='ltr'><strong>Vll.</strong></span> <span class='ocrx_word' id='word_1_226' title='bbox 296 2701 338 2752; x_wconf 91' lang='lat' dir='ltr'><strong>De</strong></span> <span class='ocrx_word' id='word_1_227' title='bbox 351 2703 514 2752; x_wconf 87' lang='lat' dir='ltr'><strong>insidiarum</strong></span> <span class='ocrx_word' id='word_1_228' title='bbox 531 2702 675 2769; x_wconf 90' lang='lat' dir='ltr'><strong>caedisque</strong></span> <span class='ocrx_word' id='word_1_229' title='bbox 690 2714 788 2767; x_wconf 79' lang='lat' dir='ltr'><strong>genere</strong></span> <span class='ocrx_word' id='word_1_230' title='bbox 808 2697 878 2752; x_wconf 88' lang='lat' dir='ltr'><strong>haec</strong></span> <span class='ocrx_word' id='word_1_231' title='bbox 896 2699 953 2752; x_wconf 83' lang='lat' dir='ltr'><strong>iere</strong></span> 
     </span>
     <span class='ocr_line' id='line_1_34' title="bbox 162 2771 951 2846; baseline 0.009 -25"><span class='ocrx_word' id='word_1_232' title='bbox 162 2771 302 2839; x_wconf 79' lang='lat' dir='ltr'><strong>divulgata</strong></span> <span class='ocrx_word' id='word_1_233' title='bbox 316 2784 387 2828; x_wconf 87' lang='lat' dir='ltr'><strong>sunt.</strong></span> <span class='ocrx_word' id='word_1_234' title='bbox 428 2773 625 2828; x_wconf 75' lang='lat' dir='ltr'><strong>cunctantibus</strong></span> <span class='ocrx_word' id='word_1_235' title='bbox 647 2776 826 2844; x_wconf 84' lang='lat' dir='ltr'><strong>conspiratis,</strong></span> <span class='ocrx_word' id='word_1_236' title='bbox 842 2775 951 2846; x_wconf 91' lang='lat' dir='ltr'><strong>qnando</strong></span> 
     </span>
    </p>
   </div>
   <div class='ocr_carea' id='block_1_3' title="bbox 0 0 1029 3028">
    <p class='ocr_par' dir='ltr' id='par_1_5' title="bbox 0 0 1029 3028">
     <span class='ocr_line' id='line_1_35' title="bbox 0 0 1029 3028; baseline 0 0"><span class='ocrx_word' id='word_1_237' title='bbox 0 0 1029 3028; x_wconf 95' lang='lat' dir='ltr'><strong> </strong></span> 
     </span>
    </p>
   </div>
  </div>
 </body>
</html>
