2026 3020
89 251 121 309 62
366 255 393 303 C.
418 251 606 312 SilETONli

89 388 137 434 aut
146 398 196 452 per
205 381 338 448 edictum,
353 382 427 435 ullos
437 381 553 433 militum
565 378 752 432 commilitones
763 379 885 450 appella-

87 459 149 523 bat,
170 458 219 510 sed
234 457 343 510 militer.-
363 472 396 507 ac
410 472 444 507 ne
460 471 477 506 a
493 456 558 506 tiliis
570 456 678 525 quidem
691 462 740 508 arrt
748 455 884 524 privignis

87 533 159 597 suis,
174 533 291 601 imperio
307 531 454 600 praeditis,
470 532 551 583 aliter
562 530 697 599 appellari
711 546 809 599 passus
825 537 881 582 est:

86 607 261 660 ambitiosius
271 607 301 657 id
312 606 485 671 existimans,
507 621 589 674 quam
605 612 654 657 aut
667 607 741 657 ratio
751 606 883 657 militaris

87 689 135 734 aut
149 689 303 751 temporum
320 681 397 752 quies
413 687 461 731 aut
476 697 527 731 sua
542 681 694 750 donumque
709 697 776 733 suae
797 681 882 732 maie-

86 765 143 809 stas
154 757 317 826 postularet.
356 755 501 807 Libertina
512 757 599 808 milite
605 794 613 820 ,
624 761 815 826 praeterquam
827 756 883 808 uo-

86 848 146 884 mae
161 831 351 884 incendiorum
368 847 465 895 carisa,
486 838 514 884 et
528 832 553 882 si
567 831 700 882 trunnltus
714 831 743 882 in
753 831 883 898 graviore

87 921 197 958 annona
211 912 391 970 metueretur,
411 907 455 957 bis
470 922 536 957 treus
552 911 606 957 est:
628 906 711 957 semel
727 906 762 956 ad
777 908 884 974 praesi-

87 983 162 1034 dium
174 981 359 1048 coloniarum,
375 981 517 1048 Illyricum
533 981 762 1048 contingentium
782 982 884 1032 iterum

88 1058 124 1109 ad
139 1059 254 1109 nitelam
269 1058 346 1128 ripae
357 1055 445 1111 Rheni
459 1056 592 1108 fluminis:
613 1072 715 1127 eosque
730 1072 824 1108 servos
835 1055 884 1107 ad-

88 1131 155 1197 huc,
175 1133 243 1184 viris
258 1132 421 1201 seminisque
436 1131 674 1200 pecuniosioribus
694 1131 828 1195 indictos,
850 1147 885 1183 ac

89 1209 147 1260 sine
167 1223 246 1259 mora
265 1208 461 1269 manumissos,
483 1207 533 1256 sub
553 1206 646 1274 priore
660 1206 762 1258 vexillo
777 1205 884 1270 habuit,

88 1298 177 1351 neque
188 1288 236 1334 aut
246 1282 410 1332 commixtos
421 1297 482 1332 cum
491 1280 626 1348 ingenuis,
634 1287 682 1331 aut
692 1281 787 1332 eodem
799 1281 884 1334 modo

90 1362 221 1409 armatos.
260 1355 343 1406 Dona
357 1355 505 1419 militaria,
527 1356 669 1424 aliquanto
691 1355 802 1407 facilius
817 1355 885 1424 pha-

91 1433 175 1495 leras,
191 1437 318 1500 torques,
336 1437 364 1483 ct
373 1431 505 1500 quicquid
516 1446 583 1482 auro
596 1437 764 1501 argentoque
776 1438 886 1483 consta-

90 1512 140 1570 ret,
153 1521 235 1574 quani
245 1506 364 1557 vallares
375 1522 408 1557 ac
418 1507 538 1558 murales
550 1521 681 1570 coronas,
699 1522 769 1575 quae
779 1505 887 1558 honore

89 1579 299 1650 praecellerent,
316 1581 413 1632 dabat:
433 1578 484 1632 has
498 1597 580 1650 quani
594 1581 768 1650 parcissime,
789 1584 887 1634 etsine

91 1656 255 1720 ambitione,
281 1671 314 1706 ae
338 1671 420 1725 saepe
440 1656 524 1707 etiam
549 1656 676 1723 caligatis
699 1656 806 1711 tribedt.
844 1657 885 1708 M.

89 1730 239 1799 Agrippam
249 1728 381 1781 inSicilia
391 1736 455 1798 post
464 1730 590 1784 navalem
600 1731 746 1783 victoriam
757 1731 885 1784 caeruleo

89 1804 191 1856 vexillo
212 1805 333 1856 donavit.
374 1804 455 1857 Solos
473 1804 665 1874 triumphales,
687 1821 843 1876 quiunquam
859 1817 889 1860 et

91 1881 183 1932 socios
199 1879 404 1948 expeditionum
420 1887 447 1933 et
462 1879 610 1950 participes
624 1881 803 1933 victoriarum
823 1897 887 1933 sua-

90 1971 164 2021 rum,
184 1971 323 2025 nimquam
344 1956 425 2008 donis
444 1955 644 2025 impartiendos
663 1957 784 2024 putavit3
810 1957 888 2026 quod

90 2033 146 2100 ipsi
155 2047 265 2100 quoque
275 2032 318 2082 ius
329 2030 490 2084 habuissent
498 2030 638 2084 tribuendi
648 2046 694 2096 ea,
715 2033 815 2100 quibus
830 2032 887 2083 vel-

90 2106 155 2157 lent.
194 2104 272 2157 Nihil
282 2113 373 2158 aertem
383 2108 473 2157 minus
483 2108 512 2156 in
522 2105 644 2175 perfecto
656 2105 738 2172 duce,
754 2122 835 2175 quam
846 2105 886 2160 fe·

90 2180 267 2231 stinationem
281 2181 517 2249 temeritatemque
531 2179 677 2233 'convenire
688 2181 886 2234 arbitrabatur.

91 2254 193 2324 Crebro
204 2253 299 2320 itaque
308 2254 359 2305 illa
368 2255 504 2306 iactabat:
524 2254 627 2306 Σπεῦὸε
637 2255 768 2324 βραδέως]
790 2264 817 2320 et

120 2356 251 2427 Ἀσφαλής
261 2358 311 2430 γάρ
321 2357 370 2412 ἐστ’
382 2359 501 2423 ἀμείνων,
509 2359 528 2429 ἢ
537 2361 639 2432 θρασὺς
650 2361 840 2434 στρατηλάτης.

91 2485 131 2544 et,
146 2489 189 2532 eet
203 2478 321 2532 celeriter
327 2479 406 2550 fieri,
424 2479 608 2551 quicquidfiot
617 2483 681 2537 eodo
693 2485 762 2537 bene.
802 2484 886 2538 Proe-

91 2556 157 2606 lium
169 2555 278 2624 quidem
290 2563 337 2607 aut
345 2555 448 2608 bellum
458 2557 661 2626 suscipiendum
676 2561 787 2612 omnino
803 2577 887 2629 nega-

90 2630 153 2694 bat,
164 2631 219 2681 nisi
230 2647 312 2700 quum
323 2632 413 2683 maior
422 2630 600 2685 emolumenti
610 2651 687 2704 spes,
699 2651 780 2706 quam
792 2635 889 2688 damni

91 2710 179 2756 metus
190 2706 387 2759 ostenderetur.
425 2705 496 2758 Nam
512 2707 621 2760 minimo
631 2712 765 2764 commoda
775 2727 828 2767 non
838 2711 888 2763 mi-

92 2779 162 2837 nimo
173 2789 301 2834 sectantes
315 2781 464 2836 discrimine
474 2782 570 2838 tinnites
581 2785 674 2840 aiebat
684 2803 737 2842 erre
747 2802 828 2842 aureo
839 2785 886 2842 ha·
