2050 3034
141 197 194 260 'toa
426 208 453 253 c.
477 203 660 253 silurorum

142 329 255 382 decidit.
293 328 428 392 Factum,
450 327 498 395 qui
515 326 773 392 interpretarentur,
794 339 852 376 non
868 325 951 378 aliud

144 405 315 472 significare,
337 418 418 473 quam
430 408 461 452 ut
470 403 494 451 is
506 401 589 464 ordo,
611 399 688 450 curius
702 399 811 466 insigne
820 399 852 450 id
864 407 948 463 esset,

143 479 310 550 quandoque
321 479 347 530 ei
357 477 547 529 subiiceretur.
575 474 654 542 Apud
664 472 797 524 Mundam
807 474 844 525 D.
856 473 947 526 lulius

144 555 243 606 castris
253 552 345 604 locum
356 552 479 618 capiens,
502 565 584 617 quum
595 548 693 599 silvam
704 547 843 613 caederet,
862 550 946 601 arbo·

142 645 201 681 rem
211 627 320 698 palmae
330 632 467 696 repertam
479 624 648 687 conservari,
664 629 695 672 ut
705 638 785 675 omen
795 624 943 688 victoriae,

142 705 237 755 iussit=
258 717 292 753 ex
306 717 340 752 ea
354 703 484 752 continuo
501 705 582 751 enata
596 697 707 750 suboles
723 697 793 750 adeo
804 699 834 750 in
844 701 944 766 paucis

143 778 240 831 diebus
251 775 382 839 adolevit,
387 781 419 826 ut
428 790 484 826 non
496 774 690 843 aequipararet
698 773 942 836 modomatricem,

142 867 237 903 verum
247 851 331 902 etiarn
343 851 495 917 obtegeret,
510 848 785 917 frequentareturque
800 847 943 899 collumba-

143 941 203 976 ram
217 925 305 987 nidis3
326 925 450 992 quamvis
465 924 496 974 id
511 924 602 974 avium
616 937 702 990 genus
717 922 814 973 duram
824 929 853 974 et
864 938 942 990 aspe-

142 1016 202 1052 ram
212 999 339 1054 frondem
349 1000 467 1051 maxime
476 999 553 1050 vitet.
572 997 624 1048 Illo
636 1003 663 1048 et
672 997 821 1065 praecipue
831 1003 942 1048 ostento

142 1081 248 1128 motuum
260 1076 405 1126 Gaesarem
414 1073 517 1137 ferunt,
538 1086 667 1138 nequem
682 1071 767 1122 alium
783 1071 839 1122 sibi
848 1087 942 1123 sncce-

141 1151 220 1214 dere,
247 1166 328 1218 quarn
353 1149 459 1201 sororis
484 1152 624 1215 nepotem,
649 1145 740 1198 vellet.
779 1145 811 1195 ln
831 1161 942 1198 secessu

141 1225 307 1293 Apolloniae
318 1223 473 1289 Theogenis
484 1219 672 1272 mathematici
685 1220 828 1288 pergulam
839 1222 941 1272 comite

141 1300 264 1367 Agrippa
275 1297 442 1349 ascenderat.
473 1295 562 1356 Quum
573 1295 718 1362 Agrippae,
730 1295 779 1362 qui
788 1296 867 1363 prior
878 1311 941 1348 con-

141 1374 263 1436 sulebat,
278 1387 378 1439 magna
389 1377 416 1422 et
425 1385 512 1439 paene
521 1369 696 1421 incredibilia
706 1369 939 1436 praedicerentur,

138 1447 256 1504 reticere
267 1447 326 1514 ipse
336 1447 490 1515 genituram
502 1459 592 1508 suram,
613 1459 663 1495 nec
676 1443 747 1496 velle
757 1443 837 1496 edere
848 1461 938 1512 perse-

141 1521 264 1586 verabat,
275 1527 350 1573 metu
361 1537 393 1572 ac
402 1520 517 1588 pudore,
528 1534 562 1569 ne
572 1519 664 1570 minor
672 1519 850 1571 inveniretur.
877 1519 938 1581 Qua

140 1602 233 1648 tamen
249 1602 314 1664 post
326 1596 426 1646 multas
443 1592 651 1645 adhortationes
664 1593 712 1643 vix
732 1599 760 1644 et
780 1600 940 1645 cunctanter

142 1671 230 1734 edita,
247 1669 360 1721 exsiluit
374 1667 547 1734 Theogenes,
563 1668 744 1734 adoravitque
754 1683 825 1719 eum.
865 1669 938 1720 Tan-

140 1751 197 1795 tam
217 1759 281 1795 mox
302 1743 430 1794 fiduciam
450 1743 504 1793 lati
517 1743 654 1810 Augustus
668 1739 776 1806 habuit,
798 1749 829 1794 ut
846 1741 938 1795 thema

140 1834 219 1870 suum
230 1818 392 1886 vulgaverit,
399 1833 592 1884 nummumque
602 1823 761 1884 argenterun
766 1824 834 1869 nota
839 1818 937 1870 sideris

141 1895 314 1961 Capricorni,
328 1910 383 1962 quo
394 1899 475 1944 uatus
486 1899 535 1957 est,
547 1892 721 1959 percusserit.

196 1968 280 2020 XCV.
301 1968 369 2021 Post
379 1983 472 2020 necem
479 1967 615 2030 Caesaris,
627 1981 736 2018 reverso
745 1967 938 2033 abApollcnia

140 2051 169 2094 ct
178 2043 349 2111 ingrediente
360 2060 392 2095 eo
403 2044 511 2106 Urbem,
523 2047 642 2109 repente,
654 2040 761 2108 liquido
774 2055 807 2092 ac
816 2057 888 2109 puro
898 2059 937 2094 se·
1006 2077 1007 2106 3

139 2133 216 2180 reno,
229 2119 347 2170 cuculus
359 2118 394 2169 ad
404 2117 521 2185 speciem
534 2116 662 2167 coelestis
673 2131 753 2167 arcus
765 2116 859 2169 orbem
871 2116 937 2168 solis

140 2192 250 2253 ambiit3
272 2207 305 2243 ac
320 2192 435 2244 subinde
449 2190 536 2242 lullae
549 2191 676 2242 Caesaris
692 2191 766 2242 filiae
779 2205 936 2243 monumen·
1006 2245 1007 2256 ,

139 2271 197 2316 tum
216 2263 331 2318 fulmine
346 2268 431 2317 iaham
447 2272 496 2317 est.
535 2264 629 2317 Primo
646 2271 737 2317 autem
753 2266 900 2318 consulatu
913 2266 936 2317 ei

139 2341 285 2408 augurium
298 2341 417 2409 capienti
427 2340 574 2392 duodecim
584 2356 613 2392 se
624 2340 754 2404 vultures,
766 2346 798 2392 ut
807 2341 935 2404 Romulo,

139 2415 330 2479 ostenderunt3
351 2421 378 2467 et
390 2416 548 2467 immolanti
567 2414 689 2467 omnium
708 2415 882 2467 victimarum
896 2417 936 2467 io-

139 2490 236 2542 cinora
249 2490 384 2559 replicata
397 2489 563 2542 intrinsecus
578 2491 612 2542 ab
623 2491 680 2540 ima
690 2490 761 2541 libra
770 2496 935 2557 paruerunt3

139 2566 246 2617 nemine
257 2567 409 2634 peritorum
421 2565 502 2617 aliter
512 2566 697 2629 coniectante,
709 2579 792 2634 quam
803 2565 879 2616 laeta
889 2579 937 2633 per

58 2633 77 2701 i
139 2636 208 2691 haec
218 2647 245 2691 et
254 2657 356 2709 magna
366 2641 504 2709 portendi.

193 2714 291 2766 XCVI.
313 2716 386 2777 Quin
407 2724 434 2768 et
452 2715 589 2768 bellonam
605 2715 726 2766 omnium
740 2718 853 2766 eventus
875 2721 937 2766 ante
