2036 3022
261 214 458 266 obsumus.
494 217 693 266 caueant.
825 214 875 292 aab

76 341 230 406 commisit,
244 357 440 412 nonnmquam
450 343 596 396 interiecta
605 358 654 411 per
665 345 765 412 quinos
775 343 875 396 missua

72 417 231 468 venatione.
272 418 352 470 Circo
367 434 431 470 vero
448 418 568 470 maximo
583 418 745 470 marmoreis
760 420 875 470 carceri

72 491 126 544 bue
139 492 299 560 auratisque
309 495 401 558 metis,
423 509 493 561 quae
508 500 625 560 utraque
636 499 663 545 et
673 491 789 561 tophina
799 509 833 544 ae
843 493 875 544 li-

72 581 148 633 gnea
158 573 240 619 antea
250 567 367 632 fuerant,
373 569 493 632 exculto,
498 569 613 638 propria
623 570 798 622 senatoribus
810 583 874 619 eon-

72 641 167 692 stituit
180 641 259 706 loca,
280 644 436 710 promiscue
452 650 576 710 spectare
592 645 694 696 solitis.
732 645 771 695 dc
791 658 874 710 super

73 715 273 784 quadrigarum
293 719 444 769 certamina
457 719 561 770 Troiae
579 718 668 772 lusum
688 717 825 782 exhibuit,
847 723 875 770 et

73 788 231 856 Africanas,
254 793 415 844 conficiente
434 798 526 844 turma
545 795 666 861 equitum
681 795 872 862 praetoriano-

72 881 147 929 rum,
168 867 285 920 ducibus
298 867 417 918 tribunis
427 868 544 936 ipsoque
554 869 708 937 praefecto:
728 876 873 938 praeterea

73 938 227 994 Thessalos
237 944 355 1011 equites,
377 943 425 1009 qui
438 943 514 994 ieros
528 951 625 996 tauros
636 960 685 1012 per
695 947 786 1010 spatia
798 945 875 1008 Circi

74 1023 174 1082 agarnt,
195 1017 375 1084 insiliuntque
387 1017 525 1082 defessos,
545 1024 573 1070 et
583 1017 619 1069 ad
629 1024 731 1088 terram
743 1020 874 1070 cornibus

73 1090 230 1144 detrabimt.
266 1092 442 1154 Gladiatoria
452 1107 565 1146 munera
575 1092 749 1162 plurifariam
762 1109 794 1144 ac
805 1092 873 1144 mul-

72 1167 183 1233 tiplioia
193 1165 326 1218 exhibuit.
365 1168 589 1220 Anniversarium
602 1169 632 1220 in
648 1169 747 1220 castris
763 1173 873 1237 praeto-

73 1241 175 1307 rianis,
187 1243 247 1295 sine
256 1244 402 1295 venatione
412 1250 615 1312 apparatuque,
627 1244 730 1294 iustum
743 1249 825 1311 atque
836 1240 872 1294 le·

72 1317 200 1384 gitimum
211 1319 240 1370 iu
252 1317 355 1385 Septis,
367 1317 470 1369 ibidem
481 1319 732 1371 extraordinarium
744 1325 772 1371 et
781 1319 872 1382 breve,

72 1392 234 1460 dierumque
243 1409 403 1461 paucorum,
411 1391 539 1462 quodque
550 1392 873 1464 appellareeoepitSpor·

72 1468 170 1530 tultum,
191 1469 257 1537 quia
267 1469 385 1536 primum
396 1469 511 1520 damma
522 1468 658 1534 edixerat,
678 1471 747 1522 uelut
758 1469 794 1520 ad
802 1467 872 1520 eubi-

71 1551 130 1594 tam
141 1543 338 1610 condictamque
348 1545 483 1596 coenulam
493 1542 606 1596 invitare
616 1561 643 1596 ee
650 1547 783 1612 populum.
813 1543 872 1594 Neo

69 1618 132 1670 ullo
143 1619 294 1684 spectaculi
304 1635 402 1686 genere
414 1620 586 1672 communior
596 1627 645 1672 aut
654 1619 870 1682 remissiorerat,

72 1693 143 1744 adeo
159 1701 192 1744 ut
206 1694 317 1747 oblatos
330 1694 483 1748 victoribus
498 1710 611 1759 aureos,
631 1695 743 1765 prolata
757 1693 871 1746 sinistra

71 1769 178 1835 pariter
198 1778 260 1820 cum
279 1770 376 1838 vulgo,
397 1785 465 1822 voce
480 1769 629 1836 digitisque
647 1775 815 1834 numeraret,
837 1785 871 1820 ae

70 1859 154 1911 saepe
164 1843 302 1897 hortando
317 1845 497 1913 rogandoque
513 1843 548 1895 ad
562 1843 731 1897 bilaritatem
745 1842 871 1895 homines

69 1925 249 1986 provocaret,
271 1920 387 1972 domiuus
396 1918 547 1972 identidem
562 1917 717 1985 appellans,
736 1918 871 1968 immixtis

68 1995 208 2046 interdum
226 1995 336 2063 frigidis
351 2002 378 2047 et
392 1995 533 2048 arcessitis
545 1994 630 2046 iocis:
655 1993 746 2060 qualis
765 1996 819 2056 est,
840 1996 872 2040 nt

71 2085 154 2136 quum
166 2069 322 2124 Palumbum
332 2070 546 2138 postulantibus,
553 2069 677 2122 dameam
686 2084 721 2130 ee,
732 2066 869 2136 promisit,

70 2146 94 2196 ei
103 2155 283 2213 captuaseeeet.
321 2147 394 2198 lllud
405 2162 515 2214 quoque
525 2145 619 2214 plane,
641 2143 815 2212 quantumvis
826 2157 870 2193 su-

70 2221 186 2273 lubriter
197 2227 224 2272 et
233 2221 262 2272 in
271 2229 408 2288 tempore:
420 2237 503 2288 quum
513 2220 663 2285 essedario,
674 2235 724 2288 pro
737 2235 791 2287 quo
803 2233 870 2288 qua·

70 2301 133 2348 tuor
144 2296 198 2348 ulii
212 2296 443 2363 deprecabantur,
464 2312 563 2364 magno
581 2295 703 2348 omnium
717 2295 813 2346 favore
828 2294 869 2342 in«

71 2371 202 2424 dulsieeet
211 2372 319 2436 rudem,
334 2371 458 2424 tabulam
467 2371 544 2426 illico
556 2372 643 2435 misit,
660 2371 810 2422 admonens
819 2382 869 2435 po-

71 2448 175 2514 pulum,
188 2456 347 2513 quantopere
357 2446 451 2497 liberae
461 2447 591 2514 succipere
602 2445 712 2508 dederet,
725 2458 789 2511 quoe
799 2440 869 2492 cide·

72 2533 113 2576 ret
122 2531 150 2574 et
158 2521 308 2592 gladiatori
313 2520 447 2590 praecidio
460 2521 619 2588 gratiaeque
634 2535 695 2571 ecee.
736 2516 833 2568 Edidit
842 2520 870 2567 et

70 2595 209 2650 iuMartio
222 2610 319 2664 eampo
331 2596 562 2666 expugnationem
573 2594 809 2660 direptionemque
821 2606 869 2657 op-

70 2673 130 2741 pidi
141 2674 178 2724 ad
188 2673 336 2740 imaginem
347 2671 485 2742 bellicam,
497 2679 525 2722 et
535 2669 702 2721 deditionem
707 2665 870 2742 Britanniae

68 2765 175 2819 regum,
187 2748 380 2818 praeseditque
390 2744 551 2816 paludatus,
588 2740 662 2808 Quin
673 2751 708 2810 et,
720 2741 869 2796 emissurus

13 2845 15 2858 “
103 2845 252 2896 Sarrum
642 2837 663 2885 0
