2036 3022
521 40 527 71 l

120 193 170 247 256
400 194 425 242 C.
449 193 638 242 sunronn

119 337 193 385 rum;
213 320 404 388 revocatisque
415 321 450 374 ad
461 319 657 389 poenitentiam
669 315 865 382 defectoribus,
876 331 921 370 se-

120 398 214 466 quenti
229 397 272 448 die
286 397 388 447 laetum
404 396 475 448 inter
489 396 578 448 laetos
595 400 766 446 cantaturum
787 393 920 462 epinicia,

120 489 191 543 quae
200 472 256 524 iam
267 488 339 523 nunc
349 472 404 523 sibi
415 473 544 539 componi
555 477 703 538 oporteret.

174 547 274 599 XLIV.
294 547 324 597 ln
340 547 530 614 praeparanda
544 546 718 613 expeditione
737 545 856 611 primam
872 558 919 594 cn·

118 637 177 676 ram
188 621 285 674 habuit
296 623 433 688 deligendi
443 621 577 687 vehicula,
589 620 733 688 portandis
744 619 863 670 scenicis
874 632 919 670 or-

118 699 206 765 ganis,
219 698 449 765 concubinasque,
457 713 526 764 quas
536 712 627 748 secum
638 696 774 759 educeret,
781 693 919 746 tondendi

117 774 155 825 ad
165 773 271 824 virilem
283 772 408 836 modum,
430 779 457 824 et
471 773 612 824 securibus
622 771 757 838 peltisque
767 769 919 824 Amazoni·

120 849 159 899 cis
169 847 332 899 instruendi.
356 847 424 898 Mox
435 848 524 898 tribus
534 848 655 898 urbanas
666 846 701 896 ad
712 852 916 896 sacramentum

119 923 228 984 citavit;
240 938 273 974 ac
282 922 358 974 nullo
370 923 471 974 idoneo
483 921 673 991 respondente,
681 928 785 973 certum
796 919 919 972 dominis

118 1013 259 1050 servorum
274 1014 414 1050 numerum
430 999 544 1061 indixit3
568 1014 618 1048 nec
632 997 688 1048 nisi
701 1011 735 1046 ex
748 1001 811 1046 tota
827 995 918 1046 cuius-

119 1091 172 1143 que
186 1073 294 1124 familia
307 1074 534 1141 probatissimos,
555 1089 588 1124 ne
604 1071 843 1139 dispensatoribus
859 1069 917 1138 qui-
1005 1083 1006 1090 ¹

120 1150 180 1200 dem
202 1155 250 1201 ant
270 1149 481 1199 amanuensibus
499 1148 633 1214 exceptis„
654 1147 766 1214 recepit.
806 1145 918 1196 Partem

120 1225 204 1276 etiam
216 1240 312 1275 census
324 1239 418 1276 omues
430 1223 540 1275 ordines
551 1222 674 1274 conferre
688 1221 784 1282 iussit;
806 1226 834 1271 et
843 1222 918 1271 insu·
932 1219 934 1223 '

118 1315 168 1368 per
182 1299 335 1367 inquilinos
354 1300 524 1366 privatarum
540 1298 649 1350 aedium
666 1306 748 1366 atque
762 1295 918 1346 insularum

119 1374 278 1444 pensionem
295 1389 412 1424 annnam
427 1381 632 1441 repraesentare
647 1373 724 1424 fisco.
763 1371 918 1439 Exegitque

118 1449 225 1516 ingenti
235 1448 350 1500 fastidio
362 1455 389 1500 et
400 1450 551 1501 acerbitate
561 1464 700 1499 nummum
712 1461 854 1514 asperum,
876 1462 918 1498 ar·

119 1529 230 1592 gentum
245 1525 428 1592 postulatum,
451 1540 548 1575 aurum
563 1524 598 1574 ad
614 1525 771 1585 obnrssam3
790 1529 824 1573 ut
837 1521 918 1590 pleri-

120 1616 173 1666 que
185 1614 291 1651 omnem
304 1599 480 1660 collationem
491 1598 583 1666 palam
594 1603 764 1662 recusarent,
782 1611 919 1649 consensu

120 1675 289 1742 flagitantes,
306 1689 322 1723 a
333 1673 504 1725 delatoribus
513 1675 608 1741 potius
618 1673 775 1728 revocanda
785 1672 918 1740 praemia,

121 1765 298 1818 quaecunque
310 1749 453 1816 cepissent.

176 1823 263 1874 XLV.
284 1823 325 1874 Ex
338 1839 463 1876 annonae
475 1841 584 1892 quoque
596 1823 711 1877 caritate
721 1819 918 1892 [lucrantium]

122 1900 241 1953 accrevit
250 1899 365 1952 invidia.
404 1899 476 1951 Nam
487 1906 514 1952 et
523 1899 596 1952 forte
607 1900 717 1965 accidit,
728 1906 759 1951 ut
768 1900 798 1950 in
809 1899 921 1966 publica

121 1975 194 2026 inme
204 1975 390 2026 Alexandrina
404 1977 483 2026 navis
498 1975 674 2028 nunciaretur
684 1976 825 2042 pulverem
835 1975 920 2026 lucta-

121 2051 230 2103 toribus
242 2050 340 2101 aulicis
353 2050 504 2102 advexisse.
529 2049 628 2112 'Quare
640 2052 761 2102 omnium
773 2051 802 2101 in
814 2067 844 2102 se
856 2050 919 2101 odio
986 2047 989 2056 ¹

120 2126 250 2188 incitato,
271 2124 341 2176 nihil
356 2125 584 2176 contumeliarum
599 2125 698 2190 defuit,
720 2126 787 2192 quin
807 2124 920 2176 subiret.

124 2200 237 2252 Statuas
248 2201 307 2252 eius
318 2216 335 2250 a
344 2202 446 2252 vertice
453 2201 539 2251 cirrus
546 2199 689 2267 appositus
701 2207 742 2252 est
753 2216 814 2250 cum
826 2199 920 2252 inscri-

122 2276 217 2344 ptione
229 2273 349 2339 Graeca,
366 2275 442 2327 Nono
454 2275 554 2326 demum
565 2292 654 2345 agona
665 2292 730 2340 eece,
742 2282 777 2340 et,
793 2273 921 2326 Traderet

124 2351 238 2402 tandem.
277 2349 396 2402 Alterius
405 2351 481 2418 ¹collo
493 2356 521 2401 et
531 2366 666 2418 ascopera
677 2351 813 2416 deligata,
830 2348 922 2402 simul-

125 2441 177 2492 que
187 2424 297 2477 titulus:
317 2424 380 2493 Ego
391 2425 555 2493 quidpotni?
574 2426 620 2477 sed
634 2435 662 2477 tu
677 2425 779 2477 culeum
793 2422 921 2478 meruisti.

123 2499 280 2568 Ascriptum
297 2506 324 2550 et
339 2500 487 2564 columnis,
509 2500 603 2554 Etiam
616 2500 705 2552 Gallos
721 2517 780 2551 enm
791 2499 922 2552 cantando

125 2575 259 2626 excitasse.
299 2575 356 2626 lam
370 2576 499 2627 noctibus
513 2577 605 2643 iurgia
620 2593 681 2627 cum
696 2576 783 2628 servis
799 2575 922 2645 plerique

125 2649 295 2713 simulantes,
308 2651 403 2702 crebro
415 2651 542 2708 uindicem
553 2653 713 2718 poscebant.

181 2723 280 2775 XLVI.
301 2724 469 2781 Terrebatur
484 2728 519 2777 ad
534 2724 588 2778 hoc
604 2727 776 2782 evidentibus
787 2727 922 2798 portenti·
