2026 3020
246 217 504 269 oernvnlnns.
541 221 619 269 GAP.
639 223 753 270 ss-tt.
863 218 896 272 73

92 357 162 396 num
173 346 219 396 ius
230 345 351 409 reduxit3
373 361 405 397 ae
420 345 566 413 multiplici
575 362 666 413 poena
678 349 797 399 coercito
810 349 895 408 ambi-

91 427 133 484 tu,
144 420 282 471 Fabianis
293 426 320 474 et
330 421 545 489 Scaptiensibus,
556 421 706 472 tribulibus
717 424 782 488 suis,
795 423 839 474 die
850 438 894 473 co-

90 495 253 560 mitiorum,
273 511 307 547 ne
322 497 388 564 quid
403 512 421 547 a
436 512 574 565 quoquam
590 497 740 548 candidato
756 497 893 548 desidera-

89 577 164 634 rent,
177 571 288 638 singula
298 571 388 622 millia
398 571 537 622 nnmnuim
549 587 566 621 a
577 589 606 623 se
618 572 767 623 dividebat.
797 571 908 637 Magni·

89 651 240 712 praeterea
251 646 420 710 existimans,
432 647 568 699 sincerum
580 653 662 716 atque
674 649 708 698 ab
721 647 796 699 omni
808 646 893 697 collu-

88 721 176 771 vione
196 721 336 787 peregrini
356 736 388 772 ae
408 722 516 773 servilis
536 722 678 790 sanguinis
703 723 891 789 incorruptum

89 810 205 846 servare
215 795 361 862 populrmr,
377 802 404 847 et
415 797 553 848 civitatem
565 797 719 848 Romanam
730 797 892 865 parcissime

89 869 178 933 dedit,
190 876 219 920 et
228 871 438 922 manumittendi
448 871 559 923 modum
570 873 736 923 terminavit.
776 873 890 923 'l'iberio

88 961 140 1010 pro
164 945 265 995 cliente
280 943 387 996 Graeco
407 947 512 1012 petenti
531 945 685 1012 rescripsit,
706 963 758 998 non
772 946 850 998 aliter
865 963 891 996 se

89 1020 230 1081 daturum,
247 1035 326 1084 quom
336 1019 489 1088 sipraeseus
499 1019 550 1070 sibl
555 1019 741 1086 persuasisset,
763 1037 841 1086 quarn
849 1019 890 1070 tle·

89 1103 145 1146 stas
158 1093 269 1161 petendi
281 1111 374 1146 cassas
388 1093 504 1145 deberet.
544 1093 581 1144 Et
594 1092 692 1145 Liviae
707 1110 757 1161 pro
770 1094 890 1163 quodam

87 1169 241 1220 tributario
255 1167 336 1220 Gallo
348 1170 460 1238 roganti
470 1170 608 1220 civitatem
619 1171 742 1236 negavit,
763 1168 890 1220 immuni-

86 1250 174 1296 tatem
187 1243 302 1308 obtulit,
318 1246 457 1296 affirmans
471 1243 615 1315 sefaeilios
620 1243 836 1314 passurumfiseo
847 1244 889 1294 de-

89 1318 167 1370 trabi
179 1318 294 1386 aliquid,
316 1335 394 1385 quam
409 1320 524 1371 civitatis
538 1319 675 1371 Romanae
689 1319 796 1390 vulgari
809 1319 889 1370 douo-

87 1410 152 1444 rem.
195 1394 296 1445 Servos
311 1411 367 1445 non
382 1401 524 1446 contentus
539 1396 634 1446 multis
649 1394 857 1448 difficultatibus
873 1411 890 1445 a

87 1469 232 1532 libertate,
254 1475 281 1519 et
295 1469 381 1520 multo
397 1469 523 1537 pluribus
538 1485 555 1520 a
569 1471 697 1522 libertate
711 1472 785 1523 iusta
801 1487 889 1522 remo-

87 1545 174 1606 visse;
196 1559 280 1612 quum
297 1550 323 1594 et
338 1544 371 1595 de
385 1560 498 1596 numero
515 1545 585 1596 etde
597 1545 756 1598 conditione
768 1545 889 1597 aedilib-

88 1620 179 1669 rentia
189 1633 295 1682 eornm,
307 1619 355 1685 qui
364 1621 629 1684 manumitterentur,
642 1620 751 1672 orrriose
763 1620 888 1682 cavisset,

88 1692 141 1745 hoe
153 1709 265 1761 quoqne
276 1694 385 1758 adiecit,
397 1710 431 1746 ne
440 1695 549 1746 vinctus
559 1711 679 1762 unquam
690 1701 815 1748 tortnsve
826 1695 888 1762 quis

87 1769 146 1819 ullo
158 1768 299 1819 libertatis
308 1783 406 1836 genere
418 1770 555 1820 civitatem
567 1769 775 1837 adipisceretur.
795 1770 887 1820 Etiam

88 1841 215 1895 habitum
225 1845 408 1910 vestitumque
418 1845 565 1910 pristinum
576 1844 707 1896 reducere
718 1846 832 1896 studuit.
849 1845 888 1893 Ae

87 1919 148 1968 visa
160 1917 301 1985 quondam
312 1934 362 1984 pro
375 1918 507 1969 concione
518 1917 686 1984 pullatorum
700 1920 796 1983 turba,
816 1918 887 1968 indi-

88 1993 254 2060 gnabrmdus
266 1998 293 2044 et
304 1993 457 2056 clamitans,
468 1989 521 2054 Eu,
592 2045 594 2050 ,

144 2067 280 2119 Romanos
290 2084 378 2118 rerum
388 2067 505 2119 dominos
513 2076 671 2136 gentemque
682 2066 819 2136 togatam!

89 2143 232 2209 negotium
244 2143 381 2194 aedilibus
392 2142 480 2206 dedit,
500 2158 535 2194 ne
547 2158 626 2210 quem
637 2139 754 2211 posthac
763 2149 888 2210 pateren-

89 2225 134 2268 tur
147 2218 177 2268 in
191 2216 256 2270 foro
273 2218 400 2282 Circove,
420 2218 475 2270 nisi
490 2219 591 2286 positis
609 2218 741 2285 lacernis,
762 2224 887 2287 togatum

91 2293 250 2345 consistere.

143 2365 220 2418 XLI.
241 2360 450 2419 Liberalitatem
466 2369 593 2420 omnibus
615 2369 758 2422 ordinibus
773 2383 822 2437 per
843 2382 888 2418 oe-

92 2444 218 2495 oasiones
228 2441 386 2510 frequenter
400 2442 532 2495 exhibuit.
572 2443 643 2496 Nam
660 2450 687 2495 et
700 2445 809 2495 invecta
819 2441 888 2490 Urbi

90 2517 277 2570 Alexandrino
292 2517 432 2585 triumpho
452 2519 529 2584 regia
549 2533 635 2586 gaza,
654 2523 760 2570 tantam
778 2516 887 2583 copiam

90 2593 261 2645 nummariae
270 2594 313 2644 rei
323 2592 427 2656 effecit,
446 2598 477 2642 ut
487 2593 582 2644 fenore
594 2592 728 2643 diminuto
739 2591 888 2659 plmimum

93 2683 221 2735 agrorum
232 2669 330 2738 pretiis
341 2667 500 2719 accesserit:
521 2673 548 2717 et
559 2672 664 2732 postea,
676 2667 785 2734 quoties
795 2680 829 2718 ex
840 2664 887 2715 da-

92 2749 247 2796 mnatorum
258 2743 341 2795 bonis
350 2741 468 2812 peermia
479 2739 665 2808 superflueret,
670 2756 750 2794 usum
761 2742 889 2811 eiusgrs·

839 2936 853 2963 A
