2044 3028
174 255 224 315 ito
453 257 479 308 c.
507 247 690 309 sunroml

174 401 371 455 nomunqnam
381 386 411 436 in
424 384 538 438 thermis
553 385 625 448 trus,
645 383 767 435 admissa
779 383 875 450 plebe,
896 377 972 433 lavit,

176 462 318 525 Quaedam
338 461 388 512 sub
409 477 442 513 eu
461 460 578 512 fortrrita
592 475 626 510 ae
639 460 732 511 tristia
746 457 924 523 aeciderunt,
944 463 972 507 at
1008 507 1009 516 ,

176 536 358 604 conflagratio
372 534 474 587 Vesevi
488 536 590 586 montis
604 536 634 585 in
648 534 814 612 Campania,
836 538 866 583 et
881 533 970 582 ineen-

176 613 251 664 dium
265 611 369 662 Romae
383 625 432 676 per
446 610 569 660 triduum
582 609 752 676 totidemque
771 613 884 670 noctes3
907 608 971 658 item

174 686 345 758 pestilentia,
367 691 470 751 quanta
479 700 535 736 nun
544 690 645 736 temere
657 683 736 734 alias.
775 680 972 732 lnhisustad·

174 762 261 814 verris
273 775 305 811 ae
315 759 430 822 talibus,
441 775 497 810 non
507 759 591 810 modo
602 759 733 826 principis
744 756 970 818 sollicitudinem,

176 836 223 888 sed
235 841 263 887 et
271 833 394 901 parentis
405 832 534 886 affectum
543 834 654 886 unicum
664 833 812 900 praestitit,
824 847 899 883 nune
909 847 971 882 eon-

176 909 292 962 solando
303 924 353 976 per
363 908 466 973 edicta,
487 924 559 959 nune
570 908 746 976 opitulando,
764 912 901 974 quatenus
911 922 971 972 sup-

175 991 280 1055 peteret
303 983 433 1036 facultas.
477 985 625 1035 Curatores
649 981 834 1034 restituendae
856 981 970 1047 Campa-

175 1061 238 1112 niae
253 1076 267 1112 e
282 1054 467 1111 consularium
480 1073 593 1110 numero
609 1063 684 1109 sorte
703 1057 791 1108 duxit.
808 1107 812 1114 ,
827 1055 911 1108 Bona
926 1070 971 1121 op-

176 1150 334 1203 pressorum
341 1133 491 1196 inVesevo,
502 1149 619 1200 quorum
629 1131 742 1184 heredes
750 1147 807 1182 non
818 1131 971 1192 exstabant,

177 1209 346 1262 restitutioni
368 1207 532 1258 afflictarum
552 1209 694 1258 civitatum
714 1206 850 1257 attribuit.
891 1206 971 1256 Urbis

176 1284 303 1336 incendio
324 1282 405 1347 nihil,
426 1282 481 1334 nisi
501 1283 568 1346 sihi,
591 1281 701 1349 publice
720 1282 826 1348 perisse
844 1286 971 1342 testatus,

178 1365 276 1410 runata
286 1357 489 1425 praetoriorum
502 1373 613 1409 suornm
626 1361 788 1407 ornamenta
798 1355 930 1421 operibus
941 1371 972 1404 ne

177 1433 287 1500 templis
316 1433 476 1484 destinavit:
508 1432 723 1500 praeposuitque
753 1429 909 1498 complures
939 1444 971 1480 ex

178 1508 299 1576 equestri
309 1507 475 1575 ordineque
487 1521 611 1575 quaeque
622 1507 755 1558 maturius
765 1510 970 1574 peragerentur.

177 1582 329 1634 Medendae
353 1580 505 1634 valetudini
526 1581 714 1649 leniendisque
737 1580 843 1632 morbis
867 1579 971 1631 nullam

77 1667 82 1678 '
179 1658 298 1710 divinam
309 1655 510 1725 humanamque
521 1672 601 1724 opem
610 1670 667 1707 non
677 1653 817 1720 adhibuit,
836 1654 970 1723 inquisito

179 1732 255 1784 omni
274 1731 472 1782 sacrificiorum
492 1731 729 1799 remedionunque
748 1745 857 1798 genere.
900 1729 973 1780 Inter

179 1806 296 1858 adversa
304 1813 457 1874 temporum
468 1812 494 1857 et
499 1806 636 1858 delatores
646 1805 878 1871 mandatoresque
888 1811 972 1866 eraut,

149 1931 155 1940 ,
179 1897 213 1934 ex
227 1881 341 1934 lieentia
354 1883 448 1933 veteri.
487 1881 549 1932 Hos
564 1881 674 1932 assirim
688 1881 717 1931 in
732 1880 795 1932 foro
811 1879 932 1947 flagellis
943 1895 974 1930 aa

179 1956 418 2020 annumerasse,
440 1972 473 2008 an
484 1955 634 2008 notissime
648 1955 791 2006 uaduetos
805 1971 856 2022 per
871 1952 974 2023 amphi-

179 2031 280 2085 theatri
290 2047 409 2096 arenam,
423 2029 545 2100 [hastae]
557 2032 657 2098 partim
668 2031 769 2082 subiici
779 2045 813 2081 ae
822 2031 916 2082 venire
926 2031 974 2080 im-

179 2108 298 2174 peravit,
309 2107 408 2173 partim
420 2107 449 2156 in
460 2107 624 2172 asperrimas
634 2105 786 2157 insularum
798 2103 889 2156 avehi.
928 2105 973 2155 Ut·

181 2196 232 2248 que
243 2181 326 2231 etiam
338 2181 441 2232 similia
452 2181 616 2248 quandoque
627 2196 743 2231 ausuros
753 2187 888 2248 perpetuo
900 2183 975 2231 coer·
1008 2201 1009 2250 p

181 2261 266 2319 aeret,
286 2256 373 2306 vetunt
382 2256 454 2307 inter
464 2262 566 2319 cetera,
582 2255 616 2307 de
626 2254 720 2306 eadem
730 2271 760 2306 re
771 2255 899 2321 pluribus
909 2254 975 2320 legi·
1008 2253 1009 2274 ¹

180 2331 231 2381 bus
243 2330 300 2396 agi,
322 2331 450 2395 quaerive
464 2331 498 2381 (le
514 2331 674 2397 canamquam
689 2329 881 2381 defunctorum
893 2336 974 2391 statar,

180 2405 254 2454 ultra
265 2411 354 2456 certos
364 2419 460 2456 annos.

235 2478 284 2530 lx.
308 2477 502 2531 Pontificatum
526 2481 674 2531 maximum
698 2479 763 2531 ideo
784 2495 813 2531 se
834 2479 976 2548 professus

183 2553 320 2618 accipere,
339 2559 371 2604 nt
380 2567 463 2619 puras
473 2561 596 2606 servaret
605 2570 714 2618 manus,
735 2554 976 2620 fidenrpraestitit,

182 2641 233 2676 uec
248 2633 345 2678 auctor
359 2626 476 2695 posthae
490 2629 651 2695 cuiusquam
664 2630 752 2694 neeis,
772 2645 825 2681 nee
840 2632 976 2691 consulu,

183 2701 306 2763 quamvis
315 2702 451 2752 interdum
461 2702 613 2754 ulciseendi
623 2720 771 2756 eausauon
787 2704 910 2772 denset,
931 2704 977 2757 sed
1008 2701 1009 2712 ¹

178 2771 327 2838 periurum
346 2790 373 2824 se
392 2776 495 2842 potius,
527 2793 606 2844 quam
624 2779 805 2847 perditurum,
837 2781 974 2838 adiuuant.
