2044 3028
163 703 812 790 cntrrnlnrrvrrn.

384 903 584 926 m

142 1011 179 1094 p
181 1057 277 1098 arnrua
288 1044 441 1098 Saturnus
446 1084 455 1112 ,
477 1045 733 1116 [Novocomensis]
748 1045 880 1112 equestri-

88 1114 138 1166 bus
149 1119 256 1172 militiis
266 1120 401 1174 industrie
410 1121 533 1186 iunctus,
548 1121 758 1189 procurationes
770 1135 881 1190 qnoque

86 1188 322 1255 splendidissimas
337 1202 420 1266 atque
435 1197 580 1250 continuas
598 1211 705 1250 summa
722 1196 882 1264 integritate

87 1263 302 1333 administravit3
322 1277 455 1324 ettamen
473 1271 635 1323 liberalibus
656 1271 756 1322 studiis
775 1276 882 1322 tantam

87 1353 198 1404 operam
209 1345 296 1409 dedit,
316 1350 348 1397 ut
361 1362 417 1398 non
431 1354 531 1398 temere
541 1347 603 1415 quis
613 1346 693 1415 plura
702 1347 732 1398 in
743 1346 803 1397 otio
814 1346 880 1396 scri-

86 1418 180 1479 pserit.
213 1418 309 1488 ltaque
319 1420 394 1472 bella
405 1428 507 1486 omnia,
519 1436 730 1491 quorumquam
741 1437 803 1474 cnm
815 1420 880 1472 Ger·

87 1493 175 1542 nranis
185 1500 263 1560 gesta
273 1501 349 1560 sunt,
361 1497 459 1564 viginti
468 1496 654 1548 voluminibus
665 1493 882 1564 comprehendit.

86 1563 153 1616 ltenr
163 1567 305 1620 Naturalis
321 1570 464 1624 Historiae
478 1571 594 1638 triginta
607 1577 710 1639 septem
731 1571 819 1622 libros
835 1571 883 1622 ab·

86 1641 178 1693 solvit.
217 1643 304 1695 Periit
314 1645 392 1698 riade
403 1646 578 1715 Campaniae.
617 1646 688 1698 Nam
703 1661 788 1714 quum
797 1645 882 1698 Mise-

39 1760 50 1779 ῥ
86 1716 164 1766 nensi
175 1716 258 1768 classi
268 1727 419 1786 praeesset,
440 1727 467 1772 et
477 1721 610 1789 flagrante
619 1718 727 1773 Vesevo
738 1720 774 1772 ad
786 1720 883 1788 explo-

86 1791 187 1842 randas
202 1792 316 1862 propius
332 1810 445 1848 caussas
455 1795 607 1847 Liburnica
619 1795 815 1863 pertendisset‚
836 1812 882 1846 ne-

87 1879 152 1931 que,
168 1867 377 1922 adversantibus
387 1872 487 1935 ventis,
502 1887 624 1923 remeare
634 1875 739 1938 posset,
750 1871 779 1922 vi
788 1871 882 1940 pulve·

86 1940 125 1990 ris
136 1957 169 1993 aa
179 1941 292 1995 favillae
303 1960 450 2014 oppressus
464 1951 519 1998 estz
538 1947 593 2010 vei,
614 1953 646 1996 nt
660 1945 773 2013 quidam
787 1947 883 1998 existi·

87 2023 171 2082 mant,
183 2033 200 2068 n
210 2034 289 2071 servo
300 2035 351 2072 suo
363 2021 485 2084 oecisns3
506 2037 598 2090 quem,
611 2020 741 2072 deficiens
752 2027 840 2084 aestu,
852 2027 883 2070 ut

87 2105 179 2144 necem
191 2094 243 2145 sibi
255 2100 413 2160 maturaret,
426 2097 554 2148 oraverit.

389 2345 573 2374 mammo-u-
