2026 3020
126 225 159 278 ⁷8
401 223 428 269 c.
455 222 645 271 snaronu

125 353 217 406 tiones
234 356 282 404 aut
294 349 481 421 gladiatorum
499 363 606 417 pugnas
626 347 799 404 severissime
819 367 934 422 semper

126 430 225 496 exegit.
255 426 327 478 Nam
338 425 501 478 histrionum
512 424 652 476 licentiam
664 425 733 478 adeo
746 430 930 496 compesmiit,

126 510 157 555 ut
167 501 381 572 Stephanionem
392 501 573 568 togatariurm
595 501 640 552 cni
652 501 683 552 in
696 502 830 569 puerilem
847 501 929 555 habi·
972 525 975 530 ·

125 586 183 632 tnm
198 581 409 630 circumtonsam
424 581 580 628 matronam
593 576 765 630 ministrasse
784 595 928 646 compere-

126 662 178 720 rat,
189 671 239 722 per
247 655 322 704 trina
331 652 441 705 theatra
450 653 537 718 virgis
548 665 658 703 caesum
671 653 850 720 relegaverit3
866 655 927 722 Hy-

125 732 171 782 lan
182 730 393 798 pantomimum,
405 733 534 794 querente
544 732 684 794 praetore,
699 727 729 777 in
739 729 812 781 atrio
824 729 926 780 domus

126 821 204 868 suae,
219 804 327 855 nemine
338 803 463 866 excluso,
484 801 602 869 flagellis
616 801 781 865 verberarit3
802 808 830 855 et
839 801 925 872 Pyla·

126 879 255 931 dqurbe
267 877 435 945 atqucltalia
446 877 633 940 summoverit,
640 877 715 945 quod
726 884 923 944 spectatorem,

125 971 142 1006 a
157 970 211 1023 qno
232 954 444 1016 exsibilabatur,
466 953 683 1004 demonstrasset
702 951 790 1020 digito
812 955 923 1022 conspi-

125 1029 388 1098 enumqueiecisset.

180 1104 279 1157 XLVI.
299 1105 340 1155 Ad
355 1103 427 1156 bunc
441 1101 553 1154 modum
567 1101 641 1154 Urbe
655 1104 824 1172 urbanisque
838 1105 922 1156 rebus

124 1181 336 1242 administratis,
347 1179 458 1228 ltaliam
469 1177 677 1245 duodetriginta
688 1179 862 1230 coloniarum
873 1195 922 1230 nu-

123 1272 199 1309 mero
211 1255 388 1306 deductarum
401 1254 435 1304 ab
447 1268 476 1303 se
485 1251 679 1318 frequentavit,
692 1254 878 1322 operibusque
889 1269 922 1306 ac

124 1329 304 1396 vectigalibus
328 1327 446 1396 publicis
466 1325 642 1393 plurifariam
660 1329 805 1381 instruxit:
836 1331 920 1381 etiam

123 1408 183 1456 iure
198 1421 231 1454 ac
246 1403 406 1470 dignatione
418 1403 484 1453 Urbi
495 1401 699 1469 quodammodo
714 1420 766 1472 pro
781 1410 861 1472 parte
872 1405 911 1456 ali
993 1409 994 1466 i

124 1496 179 1548 qua
203 1479 382 1546 adaequavit,
408 1478 566 1544 excogitato
591 1493 690 1546 genere
714 1479 920 1548 suffragiorum,

124 1571 194 1623 qnae
205 1555 238 1607 de
249 1554 456 1622 magistratibus
467 1553 571 1602 urbicis
587 1551 749 1607 decuriones
761 1555 883 1607 colonici
892 1557 920 1606 in

124 1647 173 1683 sua
185 1632 299 1698 quisque
312 1627 423 1680 colonia
433 1627 547 1690 ferrent,
560 1635 587 1678 et
598 1630 648 1680 snb
660 1629 731 1681 diem
744 1631 919 1683 comitiorum

124 1707 270 1772 obsignata
284 1703 400 1754 Romam
415 1703 563 1754 mitterent.
602 1705 641 1754 Ac
654 1707 754 1756 necubi
769 1711 817 1756 ant
836 1703 918 1758 hone-

123 1786 227 1832 storum
254 1779 381 1831 deiiceret
405 1779 487 1845 copia
512 1783 560 1828 aut
582 1779 767 1832 multitudinis
797 1780 916 1845 suboles,

124 1859 275 1924 equestrem
285 1853 413 1905 militiam
424 1858 546 1921 petentes
556 1855 639 1904 etiam
655 1869 688 1906 er
704 1856 917 1908 courmendatio-

123 1948 156 1982 ne
170 1929 282 1997 publica
296 1931 428 1997 citiusque
444 1928 540 1997 oppidi
555 1929 714 1981 ordinabat:
739 1937 769 1982 at
781 1933 830 1995 iis,
847 1932 918 1999 quie

123 2007 202 2074 plebe
216 2007 343 2074 regiones
358 2006 412 2057 sibi
427 2003 557 2056 reuisenti
571 2003 644 2054 filios
660 2005 766 2058 filiasve
782 2008 916 2072 approba-

122 2085 190 2144 rent,
198 2077 631 2146 singulannmmornmmilliapro
641 2081 758 2147 singulis
768 2081 915 2134 dividebat.

178 2154 290 2205 XLVII.
315 2155 476 2206 Provincias
496 2151 658 2217 validiores,
684 2161 714 2207 et
732 2169 801 2223 quas
821 2158 916 2208 annuis

124 2229 335 2295 magistratuum
344 2229 468 2295 imperiis
479 2227 538 2294 regi
548 2242 599 2280 nec
608 2227 691 2281 facile
701 2238 844 2283 secuntum
851 2238 915 2294 erat,
991 2297 992 2300 Ἴ

123 2305 183 2372 ipse
199 2304 332 2370 suscepit:
354 2310 458 2354 ceteras
477 2303 690 2372 proconsulibus
705 2307 805 2359 sortito
820 2307 915 2373 permi-

125 2381 174 2442 sit;
185 2383 213 2429 et
221 2385 313 2429 tamen
323 2377 471 2429 nonnullas
482 2381 662 2431 commutavit
671 2381 821 2444 interdum;
838 2387 916 2449 atque

125 2471 159 2506 ex
168 2461 286 2521 utroque
296 2469 394 2520 genere
409 2453 554 2521 plerasque
564 2455 675 2523 saepius
687 2456 765 2507 adiit.
804 2457 914 2508 Urbium

124 2527 258 2597 quasdam
268 2529 437 2593 foederatas,
459 2527 507 2579 sed
519 2527 554 2580 ad
565 2531 680 2582 exitium
691 2531 804 2583 licentia
813 2533 914 2599 praeci-

122 2607 209 2672 pites,
220 2604 347 2657 libertate
357 2604 488 2673 privavit:
509 2603 592 2670 alias,
605 2611 653 2656 arnt
664 2621 727 2660 aere
739 2606 829 2659 alieno
840 2607 914 2658 labo-

124 2685 216 2730 rantes
226 2679 335 2743 levavit,
348 2685 396 2731 ant
405 2684 496 2731 terrae
506 2685 585 2731 motu
595 2681 741 2733 subversas
753 2681 842 2734 denno
854 2697 914 2734 con·

125 2751 204 2816 didit,
217 2760 264 2805 ant
273 2756 372 2806 merita
382 2766 447 2821 erga
460 2754 592 2822 populum
603 2757 758 2811 Romanrmr
769 2757 915 2826 allegantes
