2050 3034
111 254 193 308 tm·
344 254 631 304 comanorum
724 287 728 292 .,
813 319 817 326 k

111 381 301 452 optatissimus
316 380 442 450 princeps
457 381 594 433 maximae
607 341 683 448 parti
696 381 909 448 provincialium

111 475 144 510 ac
153 459 284 522 militum,
306 457 354 526 qni
363 457 495 508 infantem
506 457 630 525 plerique
641 463 842 524 cognoverant3
862 459 911 510 sed

111 540 138 587 et
147 535 292 585 universae
302 533 377 601 plebi
390 533 513 584 urbanae
529 533 564 584 ob
576 533 737 587 ammonam
749 530 911 585 Germanici
1007 567 1008 576 2

109 611 197 679 patris
207 608 466 675 miserationemque
480 623 567 675 prope
577 606 695 659 afflictae
706 607 815 660 domus.
852 608 908 660 ,lta-

110 701 162 753 que
172 691 204 736 nt
214 699 231 733 a
240 683 348 735 Miseno
359 683 458 746 movit,
475 683 599 751 quamvis
614 683 733 750 lugentis
749 680 860 748 habitu,
881 691 909 736 et

108 760 191 811 funus
196 757 303 810 Tiberii
311 771 490 825 prosequens,
495 763 586 810 tamen
596 759 668 810 inter
678 759 782 810 altaria
791 765 820 810 et
828 759 907 810 victi·

108 850 180 898 mas,
202 833 382 901 ardentesque
401 833 510 896 taedas,
532 833 693 887 densissimo
710 840 739 885 et
752 834 905 886 laetissimo

109 910 254 962 obviorum
265 908 374 976 agmine
384 908 506 973 incessit,
513 924 595 982 super
604 908 698 960 fausta
707 909 907 974 nomina,aidus

109 989 136 1036 et
141 985 243 1052 pullum
253 988 280 1036 et
285 999 386 1052 papum
397 988 424 1035 et
433 985 566 1035 alumnam
578 983 785 1053 appellantium.

163 1057 238 1112 XIV.
258 1059 439 1128 lngressoque
449 1060 563 1124 Urbem,
577 1059 671 1110 statim
683 1075 820 1112 consensu
829 1076 906 1112 sena-

106 1140 152 1186 tus
172 1141 199 1186 et
218 1135 394 1202 irnmpentis
409 1136 439 1185 in
454 1135 558 1187 curiam
572 1135 683 1198 turbae,
703 1135 785 1186 irrita
798 1135 908 1187 Tiberii

106 1210 261 1275 voluntate,
283 1211 331 1278 qui
348 1215 511 1262 testamento
532 1209 648 1260 alterum
668 1216 794 1277 nepotem
817 1225 905 1275 suum,
1007 1239 1008 1242 =

106 1291 308 1354 praetextatum
319 1283 417 1349 adhuc,
430 1283 590 1337 coheredem
602 1285 628 1336 ei
638 1285 766 1350 dederat,
776 1286 821 1336 ius
833 1287 906 1336 arbi-
1007 1287 1008 1290 ’

105 1361 243 1429 triumque
259 1361 380 1412 omnium
396 1375 487 1412 rerum
505 1360 550 1411 illi
569 1360 731 1428 permissum
752 1367 805 1424 est,
826 1366 907 1411 tanta

105 1434 218 1502 publica
228 1435 349 1499 laetitia,
370 1440 401 1486 ut
409 1435 499 1486 tribus
510 1436 644 1503 proximis
655 1436 806 1500 mensibus,
829 1451 863 1486 oe
871 1452 906 1486 ne

105 1511 173 1562 totis
185 1511 303 1579 quidem,
315 1526 399 1578 snpra
410 1516 517 1562 centum
527 1511 672 1578 sexaginta
681 1510 770 1562 millia
779 1511 905 1564 victima·
1007 1521 1008 1572 j

106 1602 165 1637 rrim
187 1601 268 1638 caesa
287 1586 441 1637 tradantur.
482 1585 572 1646 Quum
593 1585 692 1638 deinde
712 1601 818 1654 paucos
841 1592 907 1654 post

106 1662 165 1713 dics
175 1662 205 1711 in
215 1661 357 1728 proximas
369 1660 536 1728 Campaniae
547 1661 653 1712 insulas
663 1661 827 1726 traiecisset,
839 1667 906 1713 vota

106 1751 156 1804 pro
168 1735 260 1787 reditu
271 1741 399 1804 suscepta
409 1740 485 1799 sunt3
505 1752 540 1788 ne
550 1737 691 1786 minimam
702 1736 813 1804 quidem
825 1750 905 1794 occa·

106 1812 211 1863 sionem
227 1825 364 1880 quoquam
382 1811 524 1865 omittente
537 1810 567 1862 in
580 1811 754 1862 testificanda
769 1811 905 1864 sollicitu-

106 1886 169 1938 dine
180 1892 207 1938 et
218 1903 284 1938 cura
294 1886 327 1938 de
337 1886 528 1939 incolumitate
539 1887 607 1938 eius.
645 1886 682 1937 Ut
691 1901 756 1938 vero
767 1886 797 1938 in
808 1887 905 1939 adver·

105 1978 164 2013 sam
174 1962 359 2015 valetudinem
369 1963 475 2027 incidit,
481 1961 708 2031 pernoctantibus
719 1962 906 2014 cunctiscirca

105 2037 259 2103 Palatium,
269 2054 325 2090 non
336 2037 492 2102 dehrenmt,
504 2037 552 2105 qui
563 2036 768 2104 depugnaturos
778 2053 808 2088 se
820 2039 905 2090 armis

105 2129 155 2180 pro
167 2113 256 2165 salute
267 2114 356 2180 aegri,
378 2113 479 2181 quique
494 2112 587 2178 capita
600 2127 652 2162 sua
662 2112 745 2163 titulo
756 2114 903 2181 proposito

104 2194 243 2238 voverent.
282 2189 405 2240 Accessit
424 2187 460 2238 ad
479 2187 641 2238 immensum
660 2187 759 2238 civium
781 2203 903 2241 amorem

105 2263 239 2322 notabilis
258 2263 340 2314 etiam
361 2268 535 2314 externorum
555 2261 645 2314 favor.
683 2261 811 2332 Namque
825 2265 903 2315 Arta-

105 2338 205 2402 banus,
221 2335 386 2390 Parthorum
396 2353 458 2402 rex,
480 2337 573 2389 odium
589 2352 695 2405 semper
706 2343 904 2406 contemptum·

106 2429 158 2480 que
169 2414 276 2464 Tiberii
286 2418 352 2482 prae
362 2429 391 2464 se
401 2413 504 2477 ferens,
526 2413 677 2464 amicitiam
692 2413 752 2464 eius
765 2414 842 2467 ultro
858 2431 904 2483 pe·
1007 2439 1008 2466 l

105 2488 163 2550 tiit;
186 2489 315 2558 venitque
334 2489 369 2539 ad
390 2488 560 2556 colloquium
580 2487 666 2555 legati
686 2488 856 2554 consularis,
878 2494 905 2540 et
1007 2493 1008 2548 l

105 2567 291 2630 nansgressus
305 2562 485 2632 Euphratem,
508 2563 616 2631 aquilas
636 2568 663 2614 et
682 2563 762 2630 signa
776 2563 905 2618 Romana

107 2635 308 2706 Caesarumque
318 2640 452 2707 imagines
463 2639 599 2691 adoravit.

161 2711 222 2762 XV.
242 2713 408 2769 Incendebat
427 2715 532 2782 etipse
552 2713 645 2765 studia
663 2711 807 2766 hominum
829 2717 905 2768 onrni
1007 2687 1008 2752 ἶ

106 2797 203 2849 genere
213 2787 417 2854 popularitatis.
446 2789 559 2844 Tiberio
571 2787 769 2858 cum'plurimis
778 2790 906 2846 lacrimis
1007 2793 1008 2796 ’
