2050 3034
297 213 494 264 cunradus.
531 217 608 262 GAP.
627 218 743 264 37-39.
868 216 917 267 181

117 342 154 396 de
176 357 260 396 causa
275 343 422 411 quicquam
436 343 598 394 incrementi
612 343 781 394 accessisset.
820 342 917 394 Testa-

116 423 214 470 menta
223 417 444 486 primipilarium,
456 419 505 485 qui
516 419 551 469 ab
562 418 643 468 initio
654 417 825 485 principatus
835 417 917 469 Tibe-

117 495 157 545 rii
166 509 255 562 neque
264 491 343 544 illum
352 509 440 560 neque
451 509 481 545 se
490 493 617 544 heredem
627 493 816 560 reliquissent,
836 496 868 542 ut
875 493 917 544 iu·

118 572 202 636 grata
221 568 346 619 rescidit:
375 569 442 619 item
463 573 628 632 ceterorum,
648 575 680 619 ut
699 569 780 619 inita
795 574 822 619 et
835 583 915 633 vana,

118 657 300 713 quoscunque
314 644 376 711 quis
391 644 494 696 diceret
503 643 602 697 herede
613 645 732 696 Caesare
747 644 819 696 mori
834 643 916 694 desti-

117 733 210 770 nasse.
251 718 312 779 Quo
328 725 402 770 metu
416 719 532 783 iniecto,
552 735 636 786 quum
649 721 704 771 iam
720 726 748 771 ct
763 721 797 771 ab
811 720 916 787 ignotis

117 797 193 846 inter
202 793 367 858 familiares,
388 799 416 844 et
430 795 616 862 aparentibus
626 796 698 847 iuter
708 794 811 848 liberos
822 794 916 862 palam

118 868 199 921 heres
218 875 434 936 nuncuparetur,
455 869 592 922 derisores
610 871 741 934 vocabat,
763 871 837 938 quod
851 879 916 938 post

118 945 353 1013 nuncupationem
362 945 453 996 virere
463 951 680 1012 perseverarent,
696 951 723 996 et
732 947 825 997 multis
836 963 915 999 vene·

116 1026 200 1071 natas
210 1024 332 1071 matteas
342 1019 425 1070 misit.
466 1018 658 1086 cognoscebat
668 1025 758 1070 autem
769 1020 803 1071 de
812 1021 915 1072 talibus

118 1095 224 1159 musis,
245 1100 342 1146 taxato
353 1095 429 1161 prius
439 1095 523 1145 modo
534 1109 668 1158 summae,
691 1094 726 1144 ad
741 1109 820 1160 quem
832 1097 915 1146 conii-

117 1171 245 1222 ciendum
266 1169 432 1221 consideret:
459 1169 584 1222 coniecto
606 1168 712 1220 demum
733 1170 914 1222 excitabatur.

115 1247 157 1297 Ac
167 1260 201 1297 ne
212 1245 335 1312 paullum
347 1245 457 1312 quidem
467 1260 562 1296 morae
572 1246 692 1312 patiens,
704 1261 786 1310 super
797 1244 914 1313 quadra-

115 1322 195 1387 ginta
208 1335 273 1372 reos
288 1320 426 1386 quondam
441 1335 475 1370 ex
490 1320 610 1371 diversis
620 1320 779 1371 criminibus
789 1335 845 1370 uua
855 1336 914 1372 scu-

115 1397 205 1446 tentia
219 1395 423 1460 condemnarit,
444 1395 633 1462 gloriatusque
652 1401 694 1446 est
708 1394 915 1462 expergefactae
948 1433 953 1444 .

117 1485 216 1523 somno
229 1471 392 1535 Caesonine,
414 1479 542 1537 quantum
553 1469 660 1540 egisset,
680 1471 740 1521 dcem
751 1487 782 1521 ea
792 1471 915 1522 meridia-

117 1553 170 1598 ret.
208 1546 343 1598 Auctione
357 1547 502 1614 proposita
521 1546 653 1614 reliquias
675 1545 795 1596 omnium
810 1553 915 1612 specta-

118 1619 246 1672 culorum
258 1620 383 1684 subiecit,
390 1627 418 1674 et
427 1621 587 1685 venditavit,
600 1621 746 1688 exquirens
757 1635 805 1688 per
816 1635 845 1672 se
854 1637 915 1688 pre-

115 1698 168 1762 tia,
174 1703 202 1748 et
211 1711 299 1766 usque
310 1711 343 1748 eo
354 1696 548 1762 extendens,ut
558 1697 669 1763 quidam
680 1697 813 1748 immenso
826 1697 917 1748 coacti

116 1772 915 1842 quaedamemere,acbonisexuti‚veuassibiincidereut.

114 1849 195 1901 Nota
204 1861 250 1900 res
260 1853 313 1912 est,
333 1847 442 1914 Aponio
454 1845 603 1898 Saturnino
619 1847 692 1896 inter
705 1846 838 1897 subsellia
853 1846 917 1896 dor-

114 1925 246 1988 mitante,
257 1923 391 1974 monitum
403 1938 419 1972 a
431 1921 499 1972 Caio
512 1934 687 1988 praeconem,
702 1935 737 1971 ne
747 1921 917 1987 praetorium

113 2000 208 2050 vinuu
220 1999 316 2050 crebro
329 1998 428 2065 capitis
439 2002 517 2048 motu
525 2001 667 2047 nutantem
677 1995 731 2044 sihi
741 1995 916 2061 praeteriret3

114 2089 169 2126 uec
179 2073 282 2125 licendi
293 2074 373 2124 linem
383 2072 495 2137 iactum,
502 2072 594 2140 quoad
604 2069 736 2122 tredecim
746 2069 917 2137 gladiatores

115 2149 247 2201 sestertio
258 2147 391 2215 nonagies
400 2149 542 2216 ignoranti
552 2147 752 2200 addicerentur.

175 2223 305 2274 xxxlx.
325 2223 356 2273 iu
372 2221 466 2274 Gallia
480 2239 601 2292 quoque,
623 2237 705 2290 quum
725 2222 916 2274 damnatarum

116 2313 249 2351 sororum
260 2303 422 2350 ornamenta
437 2305 465 2349 et
478 2298 677 2368 supellectilem
692 2304 720 2349 et
729 2313 823 2350 servos
835 2304 918 2364 atque

117 2375 203 2426 etiam
215 2374 331 2425 libertos
340 2374 481 2424 immensis
490 2375 587 2440 pretiis
595 2373 773 2436 vendidisset,
784 2372 918 2423 invitatus

117 2451 212 2513 lucro,
235 2449 366 2518 quiequid
385 2449 559 2499 instrumenti
577 2450 678 2500 veteris
693 2447 773 2498 aulae
789 2451 860 2509 erat,
883 2446 917 2495 ab

116 2526 194 2577 Urbe
204 2525 324 2592 repetiit,
336 2521 539 2590 comprehensis
551 2523 586 2575 ad
598 2522 797 2590 deportandum
808 2521 919 2572 merito·

117 2602 169 2652 riis
181 2615 292 2668 quoque
302 2597 435 2651 vehiculis
450 2603 477 2648 et
486 2599 698 2663 pistrinensibus
708 2597 850 2657 iumentis;
872 2594 919 2645 ad·

117 2693 163 2741 eo,
174 2681 208 2727 ut
217 2681 245 2728 et
254 2675 335 2743 panis
346 2673 451 2725 Romae
460 2686 543 2739 saepe
554 2672 694 2734 deficeret,
710 2676 737 2722 et
745 2670 919 2737 litigatorum

110 2751 259 2822 plerique,
280 2749 355 2822 quod
376 2763 519 2802 occurrere
534 2747 660 2800 absentes
676 2746 711 2798 ad
730 2745 918 2802 vadimonium
