2036 3022
111 230 162 283 276
271 275 274 280 .
391 233 417 279 G.
442 231 630 280 SUETONH

111 372 256 410 mucrones
280 355 463 426 profuturam.
507 355 561 410 Sed
586 360 726 410 extractas
748 357 912 412 nmorlbm

111 433 200 498 falsis,
212 449 282 502 quos
293 433 458 500 conspirati,
468 438 500 486 nt
509 448 570 485 eum
581 431 610 482 in
619 431 759 499 publicum
770 431 912 500 elicerent,

112 509 146 560 de
156 508 293 560 industria
304 508 480 575 dissiparant,
491 507 587 576 paucis
596 511 698 560 temere
708 507 913 562 affirmantibus

110 589 279 636 mansactum
289 584 438 650 negotium,
450 597 597 650 oppressos
608 583 657 652 qni
665 582 913 648 tumultuarentur,

112 657 241 711 advenire
263 657 419 726 frequentes
444 663 550 712 ceteros
573 657 806 726 mandabundos,
832 660 911 712 etin

112 749 191 785 onme
203 733 363 800 obsequitur
373 738 501 801 paratos3
521 731 564 784 his
574 739 605 784 ut
616 737 785 798 occurreret,
800 734 910 802 prodiit

110 813 188 860 tanta
198 806 312 870 fiducia,
332 812 365 858 ut
373 807 457 860 militi
467 808 589 872 undam,
611 808 733 861 occisum
747 821 766 860 a
779 823 810 860 se
822 807 910 862 Otho·

111 897 172 934 nem
186 880 332 948 glorianti,
355 881 413 946 Quo
428 883 553 935 auctore?
571 882 758 950 responderit;
779 889 864 950 atque
878 884 909 936 in

109 955 200 1008 iorum
210 958 451 1026 usqueprocessit.
485 957 528 1008 lbi
538 957 652 1026 equites,
664 956 764 1028 quibus
773 958 909 1014 mandata

111 1031 209 1084 caedes
219 1037 291 1096 erat,
312 1048 394 1101 quum
408 1048 457 1099 per
466 1031 606 1100 publicum
617 1031 723 1086 dimota
733 1047 908 1100 paganorum

109 1107 191 1158 turba
205 1122 291 1176 equos
306 1107 473 1175 adegissent,
492 1107 553 1165 viso
574 1107 672 1174 procul
691 1123 739 1173 eo,
757 1121 910 1178 parumper

108 1182 279 1234 restitenmt=
299 1181 397 1235 deinde
407 1197 515 1234 rursum
528 1182 650 1245 incitati,
672 1181 810 1234 desertum
821 1197 839 1236 a
849 1184 909 1237 mis

109 1256 342 1310 contrucidarunt.
476 1289 478 1294 ·

163 1331 226 1384 XX.
246 1331 328 1397 Sunt,
353 1332 402 1402 qui
419 1331 544 1396 tradant,
565 1331 601 1383 ad
620 1331 738 1399 primum
757 1332 908 1388 tumultum

107 1405 296 1474 proclamasse
316 1423 391 1471 eum,
414 1405 487 1471 Quid
502 1405 601 1476 agitis,
623 1406 828 1460 commilitones?
855 1425 907 1478 ego

107 1488 192 1532 cester
201 1496 271 1545 sum,
293 1489 372 1534 eicos
382 1481 450 1542 meif
470 1480 631 1536 donativum
645 1482 728 1534 etiam
738 1482 907 1550 pollicitum.

107 1553 205 1608 Plures
216 1561 307 1610 autem
317 1556 511 1626 prodiderunt,
533 1555 666 1609 obtulisse
679 1556 754 1609 ultro
768 1557 907 1624 iugulum,
1015 1591 1016 1594 ,

108 1636 149 1694 et,
164 1639 195 1682 ut
205 1629 387 1700 irrogarent,
409 1647 441 1682 cc
444 1629 577 1701 ferirent,
598 1631 702 1698 quando
712 1631 906 1696 §sumamma

107 1701 257 1756 hortatum.
304 1704 376 1757 lllud
400 1706 498 1758 mirum
523 1704 671 1760 admodum
695 1706 792 1770 fuerit,
815 1722 908 1776 neque
1015 1713 1016 1740 ³

107 1779 292 1847 praesentium
315 1793 479 1849 quemquam
496 1781 659 1849 imperatori
679 1781 812 1833 auxilium
832 1781 907 1836 ferre

109 1859 246 1920 conatum,
257 1860 285 1906 et
295 1870 397 1920 omnes,
410 1856 457 1922 qui
467 1861 679 1920 accerserentur,
689 1857 826 1924 spreuisse
836 1873 908 1910 nun-

109 1931 194 1995 cium,
215 1935 330 2000 excepta
345 1929 619 1984 Germanicianorum
637 1930 827 1984 vexillatione.
866 1933 908 1984 lli

109 2006 144 2056 ob
155 2020 250 2058 reeens
260 2007 400 2070 meritum,
421 2005 496 2074 quod
511 2021 540 2058 se
551 2019 650 2073 aegros
660 2012 689 2058 et
696 2005 837 2058 invalidos
847 2023 907 2060 ma-

107 2094 228 2146 gnopere
238 2079 365 2144 fovisset,
386 2081 416 2132 iu
427 2080 560 2132 auxilium
571 2080 782 2144 advolaverunt3
802 2081 852 2134 sed
863 2098 906 2134 se-

107 2155 178 2218 rius,
199 2155 298 2206 itinere
312 2155 393 2207 (levio
408 2171 457 2224 per
470 2155 656 2222 ignorantiam
671 2154 798 2208 locorum
816 2163 907 2210 retar-

109 2228 177 2280 dati.
214 2228 357 2296 lugulatus
368 2235 409 2282 est
419 2228 455 2282 ad
465 2229 555 2281 lacum
567 2230 667 2294 Curtii,
685 2243 719 2282 ac
728 2230 843 2282 relictus
854 2231 906 2296 ita,

108 2304 150 2354 uti
160 2308 232 2368 erat,
248 2303 336 2356 donec
345 2305 487 2372 gregarius
498 2304 591 2369 miles,
612 2303 907 2358 aimmentationere-

108 2378 198 2444 diens,
219 2379 327 2430 abiecto
343 2394 425 2432 onere
439 2383 522 2446 caput
539 2379 566 2430 ei
585 2379 748 2448 amputavit:
773 2384 813 2445 et,
836 2397 908 2448 quo·
1015 2431 1016 2452 χ

106 2453 181 2504 niam
197 2453 299 2520 capillo
314 2469 380 2521 prae
395 2453 505 2504 calvitie
520 2453 641 2520 arripere
653 2469 710 2505 nou
729 2459 853 2521 poterat,
872 2455 909 2508 in

106 2528 239 2590 gremium
260 2527 380 2590 abdidit3
403 2543 480 2592 mox,
500 2527 604 2582 inserto
619 2543 669 2596 per
684 2543 715 2579 os
730 2528 845 2596 pollice,
868 2531 908 2584 ac

108 2597 243 2651 Othonem
258 2601 365 2652 detulit.
403 2601 454 2654 llle
473 2601 538 2654 lixis
559 2602 759 2670 calonibusque
778 2603 908 2671 donavit,

107 2673 154 2736 qui
168 2671 247 2724 hasta
262 2677 388 2726 ssrffixum
402 2691 458 2728 non
471 2677 529 2728 sine
544 2676 665 2728 ludibrio
687 2677 789 2730 circum
810 2685 908 2732 castra

106 2751 264 2812 nunaunt,
289 2749 472 2804 acclamantes
495 2750 657 2818 identidem,
685 2750 783 2818 Galla,
808 2753 907 2822 cupide
