2050 3034
128 207 177 256 120
408 205 434 249 G.
460 201 648 250 SUETONll

126 338 194 380 natu
205 327 395 396 conquerenti,
404 356 406 361 ·
416 327 524 378 veniam
540 324 624 376 dedit.
665 323 738 384 Quin
749 329 790 388 et,
806 326 935 390 pertina-

127 405 185 456 cius
205 402 397 466 retinentibus,
425 401 486 453 cibo
512 415 561 468 per
585 397 762 466 quatriduum
783 398 934 450 abstinuit.

127 479 214 530 Facta
223 477 335 530 tandem
347 475 467 528 abeundi
476 479 623 544 potestate,
630 472 847 525 relictisRomae
857 489 931 526 uxo-

126 570 155 606 re
166 561 193 605 et
203 553 271 616 lilio,
284 550 428 603 confestim
441 550 549 602 Ostiam
559 548 712 612 descendit,
724 563 758 599 ne
768 547 854 600 verbo
868 550 931 616 qui-

126 629 186 682 dem
198 627 325 694 cuiquam
337 625 562 692 prosequentium
573 622 695 686 reddito,
712 637 817 689 paucos
830 622 930 675 admo-

125 703 189 754 dum
199 702 229 752 in
240 701 366 768 digressu
375 699 560 750 exosculatus.

180 775 227 826 xl.
247 775 288 825 Ab
302 774 380 826 Ostia
391 789 469 825 oram
482 773 649 840 Campaniae
660 771 766 838 legens,
777 771 929 824 imbecilli-

123 856 180 900 tate
190 849 307 916 Augusti
316 847 456 912 nunciata,
467 847 592 914 paullum
602 847 735 897 substitit.
771 845 825 898 Sed
836 847 927 900 incre-

122 925 264 976 brescente
274 938 399 987 rumore,
411 922 493 992 quasi
503 922 539 973 ad
550 921 725 974 occasionem
735 921 852 972 maioris
864 923 927 989 spei

124 1004 353 1063 commoraretur,
374 1003 481 1051 tantum
494 1013 552 1049 non
571 995 694 1047 adversis
712 997 926 1062 tempestatibus

124 1073 250 1126 Rhodum
264 1074 433 1141 enavigavit,
456 1071 622 1124 amoenitate
637 1075 665 1122 et
674 1069 838 1123 salubritate
848 1072 925 1122 insu-

122 1148 166 1200 lae
179 1149 236 1200 iam
250 1147 315 1200 inde
330 1154 440 1215 captus,
462 1161 544 1214 quum
560 1145 595 1196 ad
610 1159 671 1196 eam
686 1145 721 1196 ab
735 1145 866 1196 Armenia
882 1162 924 1198 re-

122 1223 199 1275 diens
219 1223 387 1292 appulisset.¹
418 1221 474 1272 Hic
492 1219 609 1272 modicis
631 1223 775 1272 contentus
796 1220 924 1286 aedibus,

122 1313 171 1350 nec
181 1298 268 1349 multo
280 1298 388 1349 laxiore
399 1296 571 1359 suburbano,
592 1309 678 1362 genus
691 1294 766 1347 vitae
781 1295 863 1346 civile
875 1295 923 1346 ad-

122 1372 233 1424 modum
248 1371 381 1436 instituit,
402 1372 461 1423 sine
475 1371 574 1422 lictore
590 1374 638 1420 aut
650 1369 759 1420 viatore
772 1371 922 1436 gymnasia

123 1445 258 1498 interdum
270 1446 461 1510 obambulans,
472 1449 622 1512 mutuaque
633 1459 693 1495 cum
706 1442 851 1496 Graeculis
863 1446 922 1497 offi·
996 1445 997 1451 ’

122 1522 166 1572 cia
180 1536 317 1588 usurpans
333 1536 419 1588 prope
434 1535 467 1573 ex
488 1534 587 1586 aequo.
626 1517 711 1570 Forte
731 1519 872 1585 quondam
893 1521 922 1570 in

122 1596 294 1663 disponendo
311 1595 355 1648 die
370 1611 450 1646 mane
465 1592 654 1661 praedixerat,
677 1593 809 1660 quicquid
823 1609 921 1662 aegro-

121 1686 181 1720 rum
192 1671 221 1720 in
232 1669 344 1721 civitate
355 1676 439 1733 esset,
451 1668 566 1721 visitare
576 1683 605 1720 se
615 1667 697 1720 velle:
716 1667 747 1718 id
759 1669 921 1735 aproximis

123 1744 204 1796 aliter
214 1748 370 1810 exceptum3
391 1744 514 1811 iussique
524 1748 589 1794 sunt
599 1757 693 1795 omnes
705 1743 782 1810 aegri
792 1744 821 1794 in
831 1745 921 1811 publi·

122 1833 182 1869 cam
196 1818 334 1887 porticum
355 1818 469 1883 deferri,
491 1835 524 1870 ac
543 1833 593 1886 per
611 1818 801 1870 valetudinum
821 1834 922 1887 genera

121 1893 241 1961 disponi.
280 1893 427 1947 Perculsus
438 1909 504 1963 ergo
514 1893 661 1962 inopinata
670 1909 709 1958 re,
721 1893 770 1944 diu
780 1894 848 1961 quid
859 1909 921 1962 age-

121 1975 163 2023 ret
171 1968 302 2035 incertus,
312 1976 405 2023 tamen
415 1970 541 2038 singulos
553 1969 660 2032 circem,
672 1982 807 2020 excusans
817 1967 920 2021 sactum

120 2045 205 2096 etiam
218 2045 381 2098 tenuissimo
400 2046 497 2112 cuique
512 2049 540 2095 et
549 2043 657 2110 ignoto.
696 2042 785 2094 Unum
797 2040 920 2096 bectan-

120 2121 262 2172 tummodo
268 2157 276 2182 ,
297 2136 385 2187 neque
395 2125 539 2187 praeterea
550 2117 711 2184 quicquam,
731 2123 859 2170 notatum
870 2124 919 2182 est,

59 2228 64 2242 .
120 2193 149 2242 in
161 2206 215 2258 quo
227 2194 382 2246 exercuisse
392 2194 437 2243 ius
451 2191 618 2244 tribuniciae
629 2192 776 2259 potestatis
786 2193 864 2246 visus
874 2193 918 2244 sit.

122 2267 211 2328 Quum
224 2266 298 2318 circa
308 2265 419 2319 scholas
430 2273 458 2319 et
468 2259 803 2334 auditoriaprofersorum
811 2267 919 2320 assidue

120 2347 204 2406 esset,
220 2347 296 2394 moto
308 2343 380 2394 inter
391 2341 590 2409 antisophistas
600 2342 729 2410 graviore
743 2342 836 2410 iurgio
841 2380 850 2407 ,
865 2358 919 2396 non

121 2416 216 2482 defuit,
229 2418 277 2484 qni
287 2433 349 2468 eum
358 2417 583 2470 intervenientem
595 2423 623 2469 et
633 2417 713 2484 quasi
723 2417 917 2470 studiosiorem
995 2447 996 2452 =

121 2492 208 2556 partis
224 2492 338 2544 alterins
358 2492 483 2544 convicio
503 2493 660 2556 incesseret.
701 2491 809 2544 Sensim
826 2492 919 2560 itaque

120 2581 261 2632 regressus
272 2568 510 2636 domum,repente
522 2584 583 2620 cum
595 2565 801 2634 apparitoribus
807 2567 919 2635 prodiit,
943 2619 947 2630 ,

121 2639 289 2709 citatumque
304 2658 355 2709 pro
370 2643 506 2696 tribimali
514 2658 583 2696 voce
594 2641 740 2709 praeconis
751 2641 919 2693 conviciato·

120 2727 176 2763 rem
191 2718 253 2781 rapi
267 2718 349 2768 iussit
363 2719 392 2768 iu
408 2733 554 2771 carcerem.
596 2715 737 2782 comperit
751 2715 863 2780 deinde,
878 2715 919 2767 lu*
994 2713 995 2780 ἕ
