2044 3028
132 191 180 246 328
405 195 431 241 C.
456 191 646 243 SUETONII

187 319 246 372 Vll.
258 317 348 372 Multa
358 319 441 369 etiam
450 319 480 369 in
492 317 629 370 communi
637 327 727 368 rerum
739 328 793 368 usu
803 316 923 370 novavit.

132 393 276 462 Sportulas
290 393 415 462 publicas
435 393 557 456 sustulit,
577 398 707 444 revocata
723 407 873 445 coenarum
885 411 924 446 re·

132 481 237 522 ctarum
263 469 467 522 consuetudine.
511 468 587 518 Duas
613 467 789 534 Circensibus
814 485 925 536 gregum

130 547 266 598 factiones
281 545 372 596 aurati
386 545 569 611 purpureique
583 543 667 607 panni
685 541 721 592 ad
736 549 858 610 quatuor
873 546 925 610 pri-

131 622 217 672 stinas
229 621 344 671 addidit.
373 618 519 669 interdixit
529 617 710 668 histrionibus
720 633 842 683 scenam,
854 620 926 669 intra

131 695 241 747 domum
254 695 363 762 quidem
373 694 518 744 exercendi
529 699 615 744 artem
624 693 683 744 iure
695 707 840 745 concesso.
876 695 925 744 Ca-

130 771 214 820 strari
232 784 320 823 suares
341 768 436 819 vetuit.
476 767 646 834 Spadonum,
668 767 716 835 qui
729 769 839 818 residui
854 770 926 836 apud

129 860 278 911 mangones
289 849 378 907 erant,
398 843 488 910 pretia
502 843 659 894 moderatus
675 846 724 892 est.
763 843 804 893 hc
820 860 925 895 summa

131 919 269 985 quondam
279 920 404 970 ubertate
413 918 482 982 vini,
494 917 623 968 innuenti
632 933 697 968 vero
709 918 820 984 inopia,
833 920 924 970 existi·

129 1010 207 1044 mans
217 994 302 1049 nimio
314 995 455 1046 vinearum
465 993 557 1044 studio
568 992 672 1059 negligi
683 1007 762 1055 arva,
779 993 882 1059 edixit,
893 1011 925 1044 ne

42 1128 46 1138 Ι
129 1071 191 1136 quis
205 1069 326 1120 initalia
340 1068 503 1129 novellaret;
523 1075 607 1134 utque
621 1068 650 1118 in
664 1068 819 1133 provinciis
833 1071 924 1120 vineta

128 1144 344 1207 succiderentur,
355 1144 464 1205 relicta,
475 1142 524 1192 ubi
533 1142 692 1209 plurimum,
705 1142 823 1194 dimidia
833 1151 924 1211 parte:

128 1237 178 1272 nec
189 1220 299 1286 exsequi
310 1235 367 1269 rem
377 1218 569 1286 perseveravit.
598 1216 740 1278 Quaedam
751 1233 784 1268 ex
795 1221 925 1270 maximis

129 1294 227 1345 officiis
238 1294 310 1345 inter
322 1292 467 1344 libertinos
481 1293 640 1360 equitesque
650 1291 791 1344 Romanos
802 1309 924 1344 commu·

126 1369 239 1419 micavit.
279 1367 420 1420 Geminari
433 1367 573 1432 legionum
587 1374 678 1418 castra
696 1365 855 1434 prohibuit:
874 1385 923 1420 nec

127 1441 189 1509 plus
201 1458 283 1510 quam
293 1442 368 1494 mille
378 1456 503 1493 nummos
515 1457 531 1492 a
542 1456 681 1508 quoquam
696 1441 732 1492 ad
747 1443 830 1509 signa
841 1444 922 1511 depo-

127 1519 168 1582 ni,
190 1519 265 1589 quod
276 1517 309 1568 L.
320 1518 454 1568 Antonius
470 1517 543 1582 apud
554 1517 670 1568 duarum
680 1516 822 1583 legionum
834 1517 923 1570 hiber-

127 1607 176 1656 na,
187 1608 231 1643 res
241 1607 327 1642 novas
338 1593 466 1654 moliens,
481 1592 611 1642 fiduciam
622 1592 726 1658 cepisse
737 1593 823 1642 etiam
834 1609 869 1644 ex
879 1595 924 1644 de·
1002 1629 1003 1634 =

127 1667 282 1732 positorum
297 1681 402 1716 summa
415 1664 569 1718 videbatur.
607 1666 722 1717 Addidit
745 1672 772 1717 et
793 1677 923 1736 quartum

126 1741 292 1808 stipendium
303 1741 394 1804 militi,
406 1755 505 1792 aureos
516 1748 617 1792 ternos.

181 1813 254 1866 Vlll.
275 1815 320 1866 lus
332 1815 476 1882 diligenter
486 1823 513 1867 ct
523 1817 658 1866 industrie
670 1817 748 1880 dixit,
760 1816 924 1886 plerumque

127 1899 154 1942 et
163 1893 193 1942 iu
203 1891 265 1954 loro
277 1907 326 1958 pro
338 1889 481 1955 tribrmali,
493 1898 570 1942 extra
581 1891 726 1942 ordinem·
753 1893 925 1944 ambitiosas

128 1968 358 2018 centumuirorum
373 1967 521 2016 sententias
531 1966 653 2017 rescidit.
693 1964 924 2034 Recuperatorcs,

126 2057 161 2092 ne
190 2058 219 2094 se
248 2041 411 2109 perfusoriis
442 2041 640 2092 assertionibus
671 2042 924 2106 accommodarent,

125 2116 275 2168 identidem
291 2116 441 2180 admonuit.
480 2114 657 2166 Nummarios
671 2115 777 2166 iudices
793 2132 856 2168 cum
871 2134 923 2167 suo
1002 2168 1003 2174 ,

127 2205 261 2257 quemque
272 2190 388 2241 consilio
399 2191 516 2242 notavit.
553 2191 657 2242 Auctor
667 2197 694 2242 et
702 2191 822 2248 tribunis
833 2189 925 2259 plebis
1002 2215 1003 2220 ¹

125 2263 192 2328 fuit,
204 2265 320 2315 aedilem
330 2266 472 2316 sordidum
482 2265 695 2331 repetundarum
706 2265 869 2330 accusandi,
881 2268 923 2316 iu·
1002 2271 1003 2280 ³

126 2339 255 2407 dicesque
273 2341 301 2389 in
320 2355 380 2391 eum
400 2356 417 2390 a
435 2349 532 2390 senatu
548 2341 669 2407 petendi.
707 2340 924 2408 Magistratibus

126 2415 363 2482 quoqueurbicis,
382 2415 640 2484 provinciarumque
654 2415 827 2483 praesidibus
843 2419 923 2466 codr-

127 2489 227 2552 cendis,
239 2495 345 2540 tantum
356 2505 438 2540 curae
449 2488 587 2555 adhibuit,
598 2498 630 2541 ut
639 2505 727 2556 nequa
737 2491 923 2544 modestiores
1002 2497 1003 2522 ³

124 2575 245 2630 uuquam
255 2579 343 2630 neque
352 2564 483 2616 iustiores
494 2566 659 2618 exstiterint:
679 2581 694 2616 c
705 2566 804 2636 quibus
813 2565 923 2632 pleros-

126 2650 179 2702 que
202 2645 266 2701 post
287 2638 366 2689 illum
390 2655 453 2690 reos
478 2641 599 2692 omnium
623 2641 767 2694 crunnum
788 2639 921 2692 vidimus.

126 2705 259 2776 Suscepto
273 2727 378 2763 morum
400 2715 581 2780 correctione,
602 2715 741 2768 licentiam
756 2713 921 2769 theatralem
