2036 3022
238 717 269 770 0.
293 712 493 769 suenoni}
522 711 783 777 Tannonius!

312 871 460 920 LIBER
500 871 705 922 snmus,

105 1019 267 1086 NERO
311 1015 619 1084 CLAUDIUS
659 1017 903 1088 CAESAR.

419 1193 583 1215 ππ

163 1335 187 1386 1.
207 1308 266 1390 Ex
279 1339 359 1404 gente
373 1307 587 1388 Domitianum
600 1333 725 1386 rasullas
740 1331 905 1399 claruerunt,

109 1410 289 1462 Caluinorum
300 1418 327 1462 et
337 1409 572 1462 aenobarbomm.
596 1409 754 1463 Aenobarbi
765 1414 905 1462 auctorem

108 1485 226 1553 originis
243 1485 363 1554 itemque
383 1485 555 1553 cognominis
574 1482 677 1537 habent
694 1484 727 1536 L.
738 1481 905 1537 Domitium:

108 1561 155 1612 cui
174 1576 238 1612 rure
253 1560 391 1627 quondam
406 1561 553 1613 revertenti
567 1561 678 1613 iuvenes
697 1560 800 1629 gemini
820 1575 905 1629 augu-

106 1636 194 1688 stiore
205 1634 335 1687 formaex
346 1652 463 1687 occursu
472 1636 622 1704 imperasse
631 1635 786 1702 traduntur,
791 1637 904 1689 nuncla-

105 1717 149 1764 ret
169 1711 278 1763 senatui
298 1726 331 1762 ae
349 1710 454 1779 populo
473 1711 634 1777 victoriam,
653 1711 686 1763 de
702 1728 757 1781 qua
770 1712 903 1765 incertum

106 1785 199 1837 adhuc
214 1791 285 1848 erat;
301 1792 384 1854 atque
397 1785 426 1836 in
442 1784 521 1836 fidem
537 1787 690 1838 maiestatis
706 1786 775 1840 adeo
786 1787 904 1856 permul-

106 1862 177 1912 sisse
196 1860 297 1925 malas,
316 1867 348 1911 ut
366 1877 381 1912 e
398 1860 478 1928 nigro
494 1861 607 1910 rutilum
625 1862 737 1930 aerique
753 1861 903 1914 assimilem

106 1936 239 2005 capillum
250 1934 403 1988 redderent,
444 1933 525 1996 Quod
535 1935 643 2002 insigne
654 1936 755 1987 mansit
769 1943 797 1988 et
810 1937 840 1987 in
854 1953 902 2006 po·

106 2012 188 2064 steris
200 2011 416 2078 eius,acmagna
426 2024 492 2078 pars
502 2009 812 2063 rutilabarbafirerunt.
832 2009 903 2062 Fun-

85 2149 87 2154 ,
107 2088 146 2139 cti
165 2091 256 2138 autem
272 2085 461 2138 consulatibus
475 2092 591 2153 septem,
606 2083 759 2153 triumpho,
775 2101 903 2138 censura-

107 2178 161 2232 que
171 2159 290 2229 duplici,
305 2166 333 2212 et
345 2162 418 2211 inter
430 2161 564 2228 patricios
579 2159 684 2226 allecti,
696 2168 905 2230 perseverarunt

108 2253 204 2290 omnes
223 2237 253 2286 in
273 2234 370 2288 eodem
390 2237 560 2304 cognomine.
608 2236 648 2287 Ac
666 2253 700 2289 ne
724 2239 904 2305 praenomina

108 2311 219 2380 quidem
243 2310 314 2376 ulla,
333 2317 525 2381 praeterquam
540 2311 609 2364 Gnei
628 2317 655 2364 et
673 2310 768 2378 Lucil,
787 2329 904 2382 usurpa·

106 2393 188 2450 runt3
213 2401 300 2454 eaque
325 2387 387 2454 ipsa
406 2386 526 2438 notabili
544 2388 692 2452 varietate,
712 2388 795 2440 modo
817 2388 903 2440 conti-

106 2468 225 2514 nuantes
244 2461 459 2532 unumquodque
478 2477 528 2529 per
546 2463 634 2514 trinas
653 2479 798 2529 personas,
817 2462 902 2515 modo

108 2537 277 2590 alternantes
291 2552 340 2605 per
354 2535 486 2604 singulas.
524 2535 595 2588 Nam
610 2537 728 2604 primum
742 2537 902 2592 secundnm-

106 2629 160 2684 que
183 2628 217 2664 sc
235 2613 347 2665 tertium
367 2611 593 2664 Aenobarbomm
612 2611 729 2678 Lucios,
750 2629 845 2666 rursus
861 2631 901 2667 se·

108 2691 223 2758 quentes
241 2693 297 2740 tres
316 2703 350 2742 ex
370 2687 466 2741 ordine
482 2685 571 2742 cneus
591 2687 760 2756 accepimus3
780 2689 901 2760 reliquos

141 2783 285 2830 sunnon.
677 2783 696 2830 Ρ

870 2944 883 2972 l
