2050 3034
274 265 469 316 obsumus.
506 253 701 315 cans-11.
835 265 885 320 201

88 389 173 458 quasi
183 390 217 440 ad
232 405 350 458 poenam
364 399 506 461 raperetur
520 393 625 445 insons.
664 393 799 460 Receptus
811 393 886 446 intra

84 465 278 531 vallum,intcr
288 469 417 519 excubias
427 469 545 518 militum
555 467 735 534 pernoctavit,
742 467 884 535 aliquanto

86 542 195 591 niinore
206 557 254 607 spe
265 557 346 608 quam
356 543 466 595 fiducia.
497 543 569 594 Nam
580 543 706 594 consules
717 558 777 593 cum
789 549 886 594 senatu

88 621 116 666 et
131 613 292 668 cohortibus
307 619 420 668 urbanis
431 617 520 670 forum
534 618 755 686 Capitoliumque
768 633 884 684 occupa-

86 695 164 755 rant,
177 693 310 742 asserturi
320 707 489 745 communem
499 693 666 746 libertatem:
689 693 847 759 accitusque
858 699 885 743 et

87 765 148 831 ipse
158 781 207 833 per
217 765 356 819 tribunum
366 767 455 835 plebis
465 768 604 820 incuriam
616 768 806 833 adesiadenda,
814 783 883 834 quac

87 839 257 905 riderentur,
274 841 301 892 ci
313 858 340 892 se
350 851 377 892 et
385 842 537 894 necessitate
548 843 632 895 teneri
640 844 791 912 respondit.
830 842 883 894 Vc·

89 929 149 964 rum
160 921 272 982 postero
285 916 342 983 die,
364 922 392 967 et
405 922 502 968 senatu
518 919 643 985 segniore
657 920 686 969 in
701 919 881 986 exsequendis

92 989 248 1054 conatibus,
260 1005 309 1057 per
318 992 439 1043 taedium
451 1008 483 1043 ac
494 992 692 1044 dissensionem
703 993 811 1044 diversa
822 1009 882 1043 cen-

90 1064 220 1129 sentium,
242 1066 464 1131 etmultitudine,
487 1083 556 1136 quae
572 1068 779 1129 circumstabat,
800 1082 882 1116 urium

91 1145 224 1192 rectorem
234 1141 290 1191 iam
302 1146 330 1192 et
338 1142 499 1193 nominatim
510 1147 687 1208 exposcente,
700 1146 821 1192 armatos
833 1157 882 1208 pro

91 1215 224 1266 concione
239 1215 331 1267 iurare
346 1217 376 1267 in
390 1232 488 1267 nomen
502 1232 581 1266 suum
596 1232 694 1283 passus
708 1210 761 1277 est3
782 1217 883 1283 promi-

90 1290 180 1357 sitque
194 1289 310 1357 singidis
326 1293 410 1359 quina
426 1290 496 1342 dena
509 1292 648 1354 sestertia,
668 1291 773 1358 primus
785 1290 886 1340 Caesa-

89 1379 149 1414 rum
160 1363 241 1416 fidem
252 1363 347 1415 militis
358 1367 440 1417 etiam
451 1366 573 1434 praemio
585 1366 755 1432 pignoratus.

145 1438 193 1488 Xl.
204 1439 322 1506 Imperio
334 1441 458 1492 stabilito
469 1438 540 1490 nihil
551 1441 690 1509 antiquius
702 1441 788 1506 duxit,
801 1458 890 1508 qnam-

88 1513 119 1563 id
128 1512 254 1577 biduum,
275 1530 329 1581 quo
342 1515 374 1566 de
385 1515 516 1566 nurtando
527 1514 694 1584 reipublicae
709 1522 784 1566 statu
794 1515 882 1566 haesi-

89 1593 178 1638 tatum
188 1595 259 1652 crat,
274 1591 423 1642 memoriae
433 1590 559 1642 eximere.
600 1590 726 1640 Omnium
737 1591 830 1656 itaque
841 1591 881 1640 fa⁴

91 1671 197 1714 monim
213 1663 402 1731 dictorumque
417 1666 446 1716 in
462 1681 494 1716 eo
509 1666 618 1716 veniam
633 1671 661 1716 et
676 1665 842 1716 oblivionem
853 1665 881 1714 in

88 1744 249 1806 perpetuum
269 1740 360 1790 sanxit
380 1756 412 1791 ac
432 1741 583 1808 praestitit3
607 1741 725 1792 tribunis
745 1741 827 1791 niodo
850 1755 882 1790 ac

88 1813 296 1865 centurionibus
310 1815 406 1882 paucis
421 1831 435 1865 e
451 1815 657 1864 coniuratorum
671 1815 700 1864 in
717 1815 813 1866 Caium
832 1830 881 1864 nu-

86 1903 162 1940 mero
173 1889 352 1957 interemptis,
359 1888 476 1955 exempli
486 1887 568 1937 simul
578 1903 670 1950 causa,
682 1895 709 1938 et
719 1888 793 1954 quod
804 1903 882 1938 suam

86 1979 197 2032 quoque
213 1964 324 2015 caedem
339 1962 533 2032 depoposcisse
549 1967 724 2028 cognoverat.
764 1962 881 2011 Conver-

86 2055 133 2090 sus
144 2038 208 2089 binc
220 2039 255 2088 ad
267 2040 359 2090 cilicia
368 2037 493 2107 pictatis,
514 2035 703 2088 iusiurandum
720 2051 806 2104 neque
821 2050 882 2086 sarr*

86 2115 157 2164 otius
172 2113 228 2164 sibi
241 2130 329 2180 neque
343 2115 464 2165 crebrius
477 2113 610 2176 instituit,
633 2126 714 2177 quam
725 2127 774 2177 per
789 2109 882 2180 Augu-

86 2197 163 2240 stum.
203 2189 287 2240 ivise
309 2187 406 2240 Liviae
427 2188 535 2239 divinos
555 2185 686 2250 honores,
713 2193 740 2236 ct
760 2187 882 2238 Circensi

85 2279 188 2331 pompa
200 2279 309 2316 currum
325 2261 531 2331 elephantorum
541 2263 692 2331 Augustino
709 2262 825 2313 similem
837 2262 881 2312 de-

85 2337 222 2391 cernenda
243 2339 361 2390 curavit:
387 2339 545 2405 parentibus
563 2337 677 2390 inferias
696 2337 833 2404 publicas,
855 2339 882 2384 et

79 2412 139 2466 ‘hoc
149 2414 269 2481 amplius
279 2411 353 2480 patri
364 2413 504 2464 Circenses
516 2428 621 2465 annuos
632 2413 719 2463 natali
730 2412 787 2472 dic;
799 2408 882 2459 matri

85 2496 258 2557 carpentum,
275 2504 329 2556 quo
340 2504 389 2555 per
401 2487 508 2538 Circum
520 2488 675 2548 duceretur,
692 2493 719 2536 et
730 2497 882 2551 cognomen

84 2564 234 2632 Augustae,
246 2563 281 2614 ab
292 2564 354 2614 viva
364 2567 527 2614 recusatum.
555 2563 596 2612 Ad
607 2561 700 2612 fratris
711 2558 881 2620 memoriam,

85 2654 133 2706 per
144 2655 254 2691 ornnem
266 2639 440 2689 occasionem
451 2633 624 2698 celebratam,
631 2632 803 2685 comoediam
814 2647 881 2700 qno-

85 2728 137 2782 que
154 2713 292 2766 Graecam
306 2712 491 2779 Neapolitanc
511 2709 658 2760 certamine
673 2707 778 2771 docuit,
800 2722 833 2758 ac
848 2706 881 2756 de

84 2789 223 2842 sententia
236 2787 358 2840 iudicum
380 2785 532 2840 coronavit.
571 2781 612 2834 Ne
626 2779 751 2833 Marcum
772 2780 879 2849 quidem
