2050 3034
164 196 214 248 rso
330 155 340 170 ⁸
445 198 471 242 c.
495 194 682 244 suuronn

162 340 275 398 aemma,
291 323 337 375 sed
345 330 459 390 quentin
469 337 602 388 nunquam
611 319 797 393 cliesfua'aeet,
818 322 926 389 quando
938 320 970 375 a'n

162 400 277 453 omnium
287 398 421 451 dominum
431 398 498 449 bone
508 397 549 450 ina
559 397 692 450 baberent.

216 474 342 528 XLVlll.
362 473 443 525 Prius
454 489 535 541 quam
546 473 690 542 provincia
700 472 859 537 decederet,
871 475 967 526 consi-

160 553 227 604 lium
238 551 302 601 iniit
311 548 447 600 nefandae
461 550 630 612 atrocitatis,
651 547 786 614 legiones,
809 563 882 615 quae
897 556 966 616 post

160 642 301 679 excessum
306 624 424 691 Augusti
433 624 596 676 seditionem
607 623 673 674 olim
684 629 836 687 moverant,
849 629 963 676 conuu-

161 701 286 762 cida'ndi3
306 699 381 766 quod
396 704 423 750 et
437 705 543 766 patrem
554 715 633 751 suum
645 697 840 750 Germanicum
852 698 961 763 ducem,

160 784 247 839 etse,
267 774 400 826 infantem
419 781 497 839 tunc,
519 774 699 826 obsedissent.
737 772 849 842 Vixque
870 781 961 826 atam

158 849 306 919 praecipiti
320 849 489 916 cogitatione
503 854 661 912 revocatus,
681 846 801 900 inhiberi
814 848 895 900 nullo
910 865 961 916 po-

157 927 212 978 tuit
221 925 315 990 modo,
327 925 541 992 quindecimam
550 924 620 976 velle
630 929 826 992 perseveraret.
865 923 960 977 Voca-

156 1008 201 1053 tas
210 1002 305 1070 itaque
317 1001 352 1051 ad
363 1000 523 1052 concionem
532 1001 659 1063 inermes,
666 1005 748 1067 atque
759 1000 842 1052 etiam
853 999 959 1067 gladiis

157 1077 304 1146 depositis,
319 1076 444 1144 equitatu
455 1081 561 1128 armato
574 1069 761 1126 circumdedit.
801 1074 857 1126 Sed
872 1091 959 1142 quum

156 1153 275 1216 videret,
296 1156 425 1218 suspecta
439 1166 468 1202 re
479 1151 625 1217 plerosque
637 1149 724 1201 dilabi
735 1149 770 1200 ad
780 1151 957 1214 resumenda,

156 1229 182 1279 si
193 1242 247 1295 qua
256 1227 299 1277 vis
310 1227 395 1290 lieret,
408 1240 492 1290 arma,
503 1224 628 1292 profugit
638 1225 784 1288 concione,
797 1224 958 1277 confestim-

157 1317 209 1370 que
224 1302 326 1353 Urbem
340 1301 433 1368 petiit,
454 1299 560 1352 deflexa
575 1301 652 1351 omni
665 1301 815 1352 acerbitate
830 1301 862 1352 in
877 1317 957 1354 sena-

155 1385 222 1441 tum,
228 1377 273 1427 cui
285 1376 321 1427 ad
332 1375 495 1428 evomendos
504 1380 643 1427 tantorum
654 1375 818 1428 dedecorum
830 1391 958 1428 numeres
1004 1391 1005 1432 4

154 1451 249 1519 palam
263 1451 434 1513 minabatur;
455 1465 570 1519 querens
584 1451 657 1502 inter
671 1456 774 1515 cetera,
796 1450 958 1504 fraudatum

156 1544 185 1580 sc
195 1527 269 1579 iusto
279 1523 428 1592 triumpho,
440 1541 524 1592 quum
532 1527 593 1592 ipse
603 1526 698 1593 paullo
709 1531 785 1590 ante,
797 1542 831 1578 ne
843 1527 912 1593 quid
923 1527 957 1578 de

155 1601 308 1654 honoribus
318 1601 376 1652 suis
387 1607 526 1668 ageretur,
543 1603 626 1652 etiam
636 1602 687 1653 sub
698 1601 796 1653 mortis
806 1617 900 1668 poena
911 1603 957 1654 de·
1003 1665 1004 1670 Ἰ

154 1677 320 1730 nunciasset.
1003 1683 1004 1689 ’

210 1750 311 1802 XLlX.
331 1750 429 1803 Aditus
439 1767 505 1820 ergo
521 1753 550 1803 in
563 1752 663 1804 itinere
678 1752 805 1820 elegatis
816 1752 956 1821 amplissi-

155 1828 194 1878 mi
205 1827 323 1891 ordinis,
338 1832 371 1878 ut
380 1833 543 1892 maturaret,
560 1828 717 1892 orantibus,
738 1843 822 1896 quam
832 1830 956 1882 maxima

154 1917 231 1968 voce,
248 1899 366 1966 Venie'rn,
377 1904 477 1971 inquit,
487 1901 598 1965 veniam,
610 1911 638 1954 et
646 1901 690 1955 laic
699 1919 812 1966 meeum,
824 1905 955 1971 capulum

155 1979 243 2047 gladii
258 1979 354 2031 crebro
374 1980 534 2043 verberans,
558 1993 612 2045 quo
629 1978 734 2030 cinctus
747 1984 817 2030 erat.
858 1979 955 2032 Edixit

155 2059 191 2118 et,
203 2054 300 2106 reverti
309 2071 344 2117 ee,
356 2055 402 2106 aed
410 2053 443 2105 iis
454 2062 574 2115 tentem,
582 2052 629 2119 qua·
638 2061 772 2122 optarent,
785 2054 905 2121 equestri
913 2071 953 2106 or-

156 2128 214 2179 dini
227 2137 255 2180 et
264 2131 376 2196 populo:
399 2145 462 2180 nam
479 2145 506 2180 ae
520 2143 603 2194 neque
617 2127 698 2181 ciuem
712 2144 794 2196 neque
803 2128 954 2198 principem

156 2202 261 2254 senemr·
270 2203 457 2274 ampliuafore.
496 2202 593 2255 Vetuit
606 2205 690 2255 etiam
701 2219 868 2272 quemquam
878 2221 954 2258 sena-

155 2284 247 2330 torum
257 2278 313 2328 sibi
324 2294 481 2330 occrrrrere:
497 2283 579 2346 atque
590 2280 692 2330 omisso
703 2280 748 2330 vel
759 2279 848 2332 dilato
859 2282 955 2332 trium-
1000 2311 1001 2318 κ

155 2353 211 2420 pho
223 2368 309 2406 ovans
319 2353 419 2405 Urbem
430 2353 519 2405 natali
528 2369 579 2406 suo
590 2355 731 2421 ingressus
742 2361 792 2407 est.
823 2355 954 2425 Intraque

157 2435 284 2496 quartum
294 2445 413 2481 mensem
423 2429 519 2496 periit,
538 2430 662 2497 ingentia
672 2429 800 2482 facinora
811 2445 912 2497 ausus,
928 2437 954 2483 et

156 2504 298 2572 aliquanto
315 2506 423 2557 maiora
436 2505 561 2558 moliens.
601 2503 743 2573 Siquidem
757 2512 952 2574 proposuerat,

155 2579 279 2645 Antium,
301 2579 399 2632 deinde
408 2580 603 2632 Alexandriam
614 2580 809 2648 commigrare,
825 2583 952 2636 interem-

154 2661 203 2719 pto
234 2657 311 2720 prius
336 2658 479 2726 utriusque
506 2655 611 2708 ordinis
636 2656 802 2709 electissimo
832 2673 951 2726 quoque.

157 2725 282 2787 Quodne
294 2731 339 2782 cui
349 2732 462 2784 dubium
471 2733 605 2797 videatru,
616 2732 768 2788 insacratis
779 2733 840 2786 eius
850 2732 949 2802 reperti
