<?xml version="1.0" encoding="UTF-8"?>
<!DOCTYPE html PUBLIC "-//W3C//DTD XHTML 1.0 Transitional//EN"
    "http://www.w3.org/TR/xhtml1/DTD/xhtml1-transitional.dtd">
<html xmlns="http://www.w3.org/1999/xhtml" xml:lang="en" lang="en">
 <head>
  <title>
</title>
<meta http-equiv="Content-Type" content="text/html;charset=utf-8" />
  <meta name='ocr-system' content='tesseract 3.04.00' />
  <meta name='ocr-capabilities' content='ocr_page ocr_carea ocr_par ocr_line ocrx_word'/>
</head>
<body>
  <div class='ocr_page' id='page_1' title='image "./csuetoniitranqu05suetgoog_0158.png"; bbox 0 0 2050 3034; ppageno 0'>
   <div class='ocr_carea' id='block_1_1' title="bbox 122 199 640 270">
    <p class='ocr_par' dir='ltr' id='par_1_1' title="bbox 122 199 640 270">
     <span class='ocr_line' id='line_1_1' title="bbox 122 199 640 270; baseline -0.006 -2"><span class='ocrx_word' id='word_1_1' title='bbox 122 199 171 268; x_wconf 81' lang='lat' dir='ltr'>&#39;m</span> <span class='ocrx_word' id='word_1_2' title='bbox 401 217 428 267; x_wconf 85' lang='lat' dir='ltr'>c.</span> <span class='ocrx_word' id='word_1_3' title='bbox 451 217 640 270; x_wconf 80' lang='lat' dir='ltr'>eurrouu</span> 
     </span>
    </p>
   </div>
   <div class='ocr_carea' id='block_1_2' title="bbox 119 343 931 860">
    <p class='ocr_par' dir='ltr' id='par_1_2' title="bbox 119 343 931 860">
     <span class='ocr_line' id='line_1_2' title="bbox 121 343 931 413; baseline 0.007 -19"><span class='ocrx_word' id='word_1_4' title='bbox 121 343 217 395; x_wconf 75' lang='lat' dir='ltr'>siculis</span> <span class='ocrx_word' id='word_1_5' title='bbox 226 358 338 413; x_wconf 87' lang='lat' dir='ltr'>quoque</span> <span class='ocrx_word' id='word_1_6' title='bbox 349 348 376 396; x_wconf 86' lang='lat' dir='ltr'>et</span> <span class='ocrx_word' id='word_1_7' title='bbox 385 345 542 412; x_wconf 74' lang='lat' dir='ltr'>praesentia</span> <span class='ocrx_word' id='word_1_8' title='bbox 552 345 763 412; x_wconf 73' lang='lat' dir='ltr'><strong>exprobrarent,</strong></span> <span class='ocrx_word' id='word_1_9' title='bbox 784 349 813 398; x_wconf 88' lang='lat' dir='ltr'>et</span> <span class='ocrx_word' id='word_1_10' title='bbox 826 343 931 400; x_wconf 73' lang='lat' dir='ltr'>fuim</span> 
     </span>
     <span class='ocr_line' id='line_1_3' title="bbox 119 420 413 472; baseline 0.007 -2"><span class='ocrx_word' id='word_1_11' title='bbox 119 420 318 472; x_wconf 88' lang='lat' dir='ltr'>denunciarent</span> <span class='ocrx_word' id='word_1_12' title='bbox 326 421 413 472; x_wconf 84' lang='lat' dir='ltr'>maia:</span> 
     </span>
     <span class='ocr_line' id='line_1_4' title="bbox 138 494 769 564; baseline 0 -18"><span class='ocrx_word' id='word_1_13' title='bbox 138 495 223 564; x_wconf 72' lang='lat' dir='ltr'>Arper</span> <span class='ocrx_word' id='word_1_14' title='bbox 233 505 260 547; x_wconf 84' lang='lat' dir='ltr'>et</span> <span class='ocrx_word' id='word_1_15' title='bbox 268 495 385 558; x_wconf 76' lang='lat' dir='ltr'>immitit,</span> <span class='ocrx_word' id='word_1_16' title='bbox 398 496 509 549; x_wconf 79' lang='lat' dir='ltr'>breviter</span> <span class='ocrx_word' id='word_1_17' title='bbox 518 497 557 548; x_wconf 77' lang='lat' dir='ltr'>oie</span> <span class='ocrx_word' id='word_1_18' title='bbox 567 495 655 548; x_wconf 77' lang='lat' dir='ltr'>omniu</span> <span class='ocrx_word' id='word_1_19' title='bbox 664 494 769 548; x_wconf 68' lang='lat' dir='ltr'>dicum?</span> 
     </span>
     <span class='ocr_line' id='line_1_5' title="bbox 174 569 711 638; baseline 0 -16"><span class='ocrx_word' id='word_1_20' title='bbox 174 569 340 638; x_wconf 80' lang='lat' dir='ltr'>Diopereum,</span> <span class='ocrx_word' id='word_1_21' title='bbox 352 569 377 621; x_wconf 76' lang='grc' dir='ltr'>εἰ</span> <span class='ocrx_word' id='word_1_22' title='bbox 386 579 411 622; x_wconf 83' lang='lat' dir='ltr'>te</span> <span class='ocrx_word' id='word_1_23' title='bbox 421 582 507 625; x_wconf 79' lang='lat' dir='ltr'>mater</span> <span class='ocrx_word' id='word_1_24' title='bbox 518 588 608 629; x_wconf 75' lang='lat' dir='ltr'>aurare</span> <span class='ocrx_word' id='word_1_25' title='bbox 613 579 711 638; x_wconf 72' lang='lat' dir='ltr'>potest.</span> 
     </span>
     <span class='ocr_line' id='line_1_6' title="bbox 138 719 904 787; baseline 0.005 -16"><span class='ocrx_word' id='word_1_26' title='bbox 138 719 198 772; x_wconf 87' lang='lat' dir='ltr'>Non</span> <span class='ocrx_word' id='word_1_27' title='bbox 208 736 234 770; x_wconf 81' lang='lat' dir='ltr'>eo</span> <span class='ocrx_word' id='word_1_28' title='bbox 245 735 329 786; x_wconf 82' lang='lat' dir='ltr'>equor.</span> <span class='ocrx_word' id='word_1_29' title='bbox 372 720 478 784; x_wconf 78' lang='lat' dir='ltr'>Quare?</span> <span class='ocrx_word' id='word_1_30' title='bbox 497 739 549 773; x_wconf 81' lang='lat' dir='ltr'>nou</span> <span class='ocrx_word' id='word_1_31' title='bbox 560 730 622 774; x_wconf 80' lang='lat' dir='ltr'>euut</span> <span class='ocrx_word' id='word_1_32' title='bbox 631 720 681 777; x_wconf 69' lang='lat' dir='ltr'>eila·</span> <span class='ocrx_word' id='word_1_33' title='bbox 688 719 772 772; x_wconf 73' lang='lat' dir='ltr'>millu</span> <span class='ocrx_word' id='word_1_34' title='bbox 782 730 904 787; x_wconf 69' lang='lat' dir='ltr'>emmor,</span> 
     </span>
     <span class='ocr_line' id='line_1_7' title="bbox 176 792 796 860; baseline 0.005 -15"><span class='ocrx_word' id='word_1_35' title='bbox 176 792 273 846; x_wconf 83' lang='lat' dir='ltr'>Omnia</span> <span class='ocrx_word' id='word_1_36' title='bbox 283 794 308 846; x_wconf 79' lang='lat' dir='ltr'>ei</span> <span class='ocrx_word' id='word_1_37' title='bbox 316 809 428 860; x_wconf 72' lang='lat' dir='ltr'>quaeror</span> <span class='ocrx_word' id='word_1_38' title='bbox 433 813 446 858; x_wconf 89' lang='lat'>‚·</span> <span class='ocrx_word' id='word_1_39' title='bbox 466 795 796 850; x_wconf 77' lang='lat' dir='ltr'>etRluotlmexu&#39;liumcet.</span> 
     </span>
    </p>
   </div>
   <div class='ocr_carea' id='block_1_3' title="bbox 136 944 718 1093">
    <p class='ocr_par' dir='ltr' id='par_1_3' title="bbox 136 944 718 1093">
     <span class='ocr_line' id='line_1_8' title="bbox 136 944 718 1010; baseline 0.005 -14"><span class='ocrx_word' id='word_1_40' title='bbox 136 944 226 997; x_wconf 82' lang='lat' dir='ltr'>Aureo</span> <span class='ocrx_word' id='word_1_41' title='bbox 237 945 347 998; x_wconf 78' lang='lat' dir='ltr'>mutuati</span> <span class='ocrx_word' id='word_1_42' title='bbox 357 945 469 998; x_wconf 77' lang='lat' dir='ltr'><strong><em>Saturni</em></strong></span> <span class='ocrx_word' id='word_1_43' title='bbox 478 948 590 1010; x_wconf 74' lang='lat' dir='ltr'>soeculo,</span> <span class='ocrx_word' id='word_1_44' title='bbox 604 947 718 999; x_wconf 72' lang='lat' dir='ltr'>Coenum</span> 
     </span>
     <span class='ocr_line' id='line_1_9' title="bbox 172 1020 713 1093; baseline 0.002 -21"><span class='ocrx_word' id='word_1_45' title='bbox 172 1020 302 1074; x_wconf 75' lang='lat' dir='ltr'><strong><em>Incolumi</em></strong></span> <span class='ocrx_word' id='word_1_46' title='bbox 310 1038 372 1074; x_wconf 84' lang='lat' dir='ltr'>uam</span> <span class='ocrx_word' id='word_1_47' title='bbox 383 1021 508 1093; x_wconf 82' lang='lat' dir='ltr'>tefcrreo</span> <span class='ocrx_word' id='word_1_48' title='bbox 518 1037 618 1090; x_wconf 76' lang='lat' dir='ltr'>eentper</span> <span class='ocrx_word' id='word_1_49' title='bbox 627 1031 713 1074; x_wconf 80' lang='lat' dir='ltr'>erunt.</span> 
     </span>
    </p>
   </div>
   <div class='ocr_carea' id='block_1_4' title="bbox 111 1169 933 2816">
    <p class='ocr_par' dir='ltr' id='par_1_4' title="bbox 134 1169 770 1239">
     <span class='ocr_line' id='line_1_10' title="bbox 134 1169 770 1239; baseline 0.002 -17"><span class='ocrx_word' id='word_1_50' title='bbox 134 1169 255 1224; x_wconf 72' lang='lat' dir='ltr'>Fastidit</span> <span class='ocrx_word' id='word_1_51' title='bbox 263 1171 360 1235; x_wconf 62' lang='lat' dir='ltr'>uuum,</span> <span class='ocrx_word' id='word_1_52' title='bbox 373 1172 435 1239; x_wconf 82' lang='lat' dir='ltr'>quin</span> <span class='ocrx_word' id='word_1_53' title='bbox 444 1172 499 1224; x_wconf 80' lang='lat' dir='ltr'>ium</span> <span class='ocrx_word' id='word_1_54' title='bbox 509 1171 569 1224; x_wconf 76' lang='lat' dir='ltr'>citit</span> <span class='ocrx_word' id='word_1_55' title='bbox 577 1171 628 1225; x_wconf 75' lang='lat' dir='ltr'>iate</span> <span class='ocrx_word' id='word_1_56' title='bbox 637 1188 770 1225; x_wconf 81' lang='lat' dir='ltr'>cruorem:</span> 
     </span>
    </p>

    <p class='ocr_par' dir='ltr' id='par_1_5' title="bbox 176 1246 849 1314">
     <span class='ocr_line' id='line_1_11' title="bbox 176 1246 849 1314; baseline -0.001 -15"><span class='ocrx_word' id='word_1_57' title='bbox 176 1246 243 1300; x_wconf 85' lang='lat' dir='ltr'>Tum</span> <span class='ocrx_word' id='word_1_58' title='bbox 254 1247 320 1300; x_wconf 84' lang='lat' dir='ltr'>liiit</span> <span class='ocrx_word' id='word_1_59' title='bbox 328 1247 397 1300; x_wconf 81' lang='lat' dir='ltr'>duur</span> <span class='ocrx_word' id='word_1_60' title='bbox 408 1247 490 1310; x_wconf 83' lang='lat' dir='ltr'>uoide,</span> <span class='ocrx_word' id='word_1_61' title='bbox 502 1262 581 1314; x_wconf 84' lang='lat' dir='ltr'>quum</span> <span class='ocrx_word' id='word_1_62' title='bbox 592 1246 849 1300; x_wconf 63' lang='lat' dir='ltr'>clairmannum.</span> 
     </span>
    </p>

    <p class='ocr_par' dir='ltr' id='par_1_6' title="bbox 135 1394 808 1465">
     <span class='ocr_line' id='line_1_12' title="bbox 135 1394 808 1465; baseline -0.001 -17"><span class='ocrx_word' id='word_1_63' title='bbox 135 1397 230 1465; x_wconf 77' lang='lat' dir='ltr'>depicc</span> <span class='ocrx_word' id='word_1_64' title='bbox 239 1394 353 1450; x_wconf 79' lang='lat' dir='ltr'><strong><em>Felicem</em></strong></span> <span class='ocrx_word' id='word_1_65' title='bbox 364 1398 422 1461; x_wconf 71' lang='lat' dir='ltr'>stoi,</span> <span class='ocrx_word' id='word_1_66' title='bbox 435 1398 553 1461; x_wconf 75' lang='lat' dir='ltr'>nautici,</span> <span class='ocrx_word' id='word_1_67' title='bbox 566 1398 683 1462; x_wconf 82' lang='lat' dir='ltr'>Romule,</span> <span class='ocrx_word' id='word_1_68' title='bbox 697 1397 808 1449; x_wconf 79' lang='lat' dir='ltr'><strong><em>Sullam:</em></strong></span> 
     </span>
    </p>

    <p class='ocr_par' dir='ltr' id='par_1_7' title="bbox 172 1470 747 1541">
     <span class='ocr_line' id='line_1_13' title="bbox 172 1470 747 1541; baseline -0.003 -17"><span class='ocrx_word' id='word_1_69' title='bbox 172 1471 213 1524; x_wconf 84' lang='lat' dir='ltr'>Et</span> <span class='ocrx_word' id='word_1_70' title='bbox 222 1470 348 1535; x_wconf 79' lang='lat' dir='ltr'>Marium,</span> <span class='ocrx_word' id='word_1_71' title='bbox 360 1472 384 1525; x_wconf 85' lang='lat' dir='ltr'>ei</span> <span class='ocrx_word' id='word_1_72' title='bbox 392 1473 438 1536; x_wconf 85' lang='lat' dir='ltr'>oie,</span> <span class='ocrx_word' id='word_1_73' title='bbox 451 1471 546 1541; x_wconf 76' lang='lat' dir='ltr'>copiae,</span> <span class='ocrx_word' id='word_1_74' title='bbox 559 1474 605 1524; x_wconf 83' lang='lat' dir='ltr'>eod</span> <span class='ocrx_word' id='word_1_75' title='bbox 613 1474 747 1526; x_wconf 78' lang='lat' dir='ltr'><strong><em>reducem:</em></strong></span> 
     </span>
    </p>

    <p class='ocr_par' dir='ltr' id='par_1_8' title="bbox 135 1546 689 1611">
     <span class='ocr_line' id='line_1_14' title="bbox 135 1546 689 1611; baseline 0.004 -12"><span class='ocrx_word' id='word_1_76' title='bbox 135 1546 190 1600; x_wconf 79' lang='lat' dir='ltr'>Nec</span> <span class='ocrx_word' id='word_1_77' title='bbox 200 1565 253 1600; x_wconf 83' lang='lat' dir='ltr'>nou</span> <span class='ocrx_word' id='word_1_78' title='bbox 263 1547 370 1609; x_wconf 76' lang='lat' dir='ltr'>Antoni,</span> <span class='ocrx_word' id='word_1_79' title='bbox 383 1548 470 1600; x_wconf 79' lang='lat' dir='ltr'>cicilia</span> <span class='ocrx_word' id='word_1_80' title='bbox 481 1547 545 1598; x_wconf 83' lang='lat' dir='ltr'><strong><em>bellu</em></strong></span> <span class='ocrx_word' id='word_1_81' title='bbox 556 1548 689 1611; x_wconf 76' lang='lat' dir='ltr'>mouentia,</span> 
     </span>
    </p>

    <p class='ocr_par' dir='ltr' id='par_1_9' title="bbox 172 1621 742 1692">
     <span class='ocr_line' id='line_1_15' title="bbox 172 1621 742 1692; baseline -0.004 -18"><span class='ocrx_word' id='word_1_82' title='bbox 172 1621 228 1675; x_wconf 83' lang='lat' dir='ltr'>Nec</span> <span class='ocrx_word' id='word_1_83' title='bbox 238 1624 316 1674; x_wconf 79' lang='lat' dir='ltr'>cernel</span> <span class='ocrx_word' id='word_1_84' title='bbox 323 1622 438 1692; x_wconf 81' lang='lat' dir='ltr'>infectae</span> <span class='ocrx_word' id='word_1_85' title='bbox 449 1621 535 1690; x_wconf 83' lang='lat' dir='ltr'>uepice</span> <span class='ocrx_word' id='word_1_86' title='bbox 545 1624 624 1675; x_wconf 81' lang='lat' dir='ltr'>ccede</span> <span class='ocrx_word' id='word_1_87' title='bbox 634 1638 742 1674; x_wconf 83' lang='lat' dir='ltr'>manue.-</span> 
     </span>
    </p>

    <p class='ocr_par' dir='ltr' id='par_1_10' title="bbox 133 1695 840 1768">
     <span class='ocr_line' id='line_1_16' title="bbox 133 1695 840 1768; baseline 0.003 -22"><span class='ocrx_word' id='word_1_88' title='bbox 133 1697 174 1748; x_wconf 76' lang='lat' dir='ltr'>Et</span> <span class='ocrx_word' id='word_1_89' title='bbox 183 1697 233 1759; x_wconf 78' lang='lat' dir='ltr'>dic,</span> <span class='ocrx_word' id='word_1_90' title='bbox 245 1695 344 1746; x_wconf 84' lang='lat' dir='ltr'>Romu</span> <span class='ocrx_word' id='word_1_91' title='bbox 354 1696 456 1764; x_wconf 75' lang='lat' dir='ltr'>perit:</span> <span class='ocrx_word' id='word_1_92' title='bbox 477 1698 602 1767; x_wconf 80' lang='lat' dir='ltr'>reguabit</span> <span class='ocrx_word' id='word_1_93' title='bbox 610 1697 739 1768; x_wconf 70' lang='lat' dir='ltr'>sanguiue</span> <span class='ocrx_word' id='word_1_94' title='bbox 750 1697 840 1762; x_wconf 83' lang='lat' dir='ltr'>multo,</span> 
     </span>
    </p>

    <p class='ocr_par' dir='ltr' id='par_1_11' title="bbox 172 1769 749 1841">
     <span class='ocr_line' id='line_1_17' title="bbox 172 1769 749 1841; baseline 0.005 -20"><span class='ocrx_word' id='word_1_95' title='bbox 172 1771 215 1822; x_wconf 79' lang='lat' dir='ltr'>Au</span> <span class='ocrx_word' id='word_1_96' title='bbox 223 1787 334 1841; x_wconf 79' lang='lat' dir='ltr'>reguum</span> <span class='ocrx_word' id='word_1_97' title='bbox 344 1771 460 1840; x_wconf 75' lang='lat' dir='ltr'>proloquio</span> <span class='ocrx_word' id='word_1_98' title='bbox 470 1770 541 1824; x_wconf 81' lang='lat' dir='ltr'>veuit</span> <span class='ocrx_word' id='word_1_99' title='bbox 549 1773 582 1824; x_wconf 83' lang='lat' dir='ltr'>ab</span> <span class='ocrx_word' id='word_1_100' title='bbox 593 1773 678 1826; x_wconf 75' lang='lat' dir='ltr'>exilio.</span> <span class='ocrx_word' id='word_1_101' title='bbox 742 1769 749 1788; x_wconf 72' lang='lat'><strong><em>‘</em></strong></span> 
     </span>
    </p>

    <p class='ocr_par' dir='ltr' id='par_1_12' title="bbox 114 1845 912 2211">
     <span class='ocr_line' id='line_1_18' title="bbox 117 1845 912 1916; baseline 0.003 -19"><span class='ocrx_word' id='word_1_102' title='bbox 117 1845 194 1907; x_wconf 78' lang='lat' dir='ltr'>Quae</span> <span class='ocrx_word' id='word_1_103' title='bbox 205 1847 302 1916; x_wconf 90' lang='lat' dir='ltr'>primo,</span> <span class='ocrx_word' id='word_1_104' title='bbox 315 1848 395 1915; x_wconf 80' lang='lat' dir='ltr'>quasi</span> <span class='ocrx_word' id='word_1_105' title='bbox 406 1849 440 1899; x_wconf 89' lang='lat' dir='ltr'>ab</span> <span class='ocrx_word' id='word_1_106' title='bbox 451 1848 658 1915; x_wconf 81' lang='lat' dir='ltr'><strong>impatientibus</strong></span> <span class='ocrx_word' id='word_1_107' title='bbox 668 1847 867 1912; x_wconf 82' lang='lat' dir='ltr'>remediorum,</span> <span class='ocrx_word' id='word_1_108' title='bbox 879 1862 912 1900; x_wconf 92' lang='lat' dir='ltr'>ac</span> 
     </span>
     <span class='ocr_line' id='line_1_19' title="bbox 114 1921 910 1991; baseline 0.003 -19"><span class='ocrx_word' id='word_1_109' title='bbox 114 1937 170 1975; x_wconf 88' lang='lat' dir='ltr'>non</span> <span class='ocrx_word' id='word_1_110' title='bbox 180 1928 236 1974; x_wconf 84' lang='lat' dir='ltr'>tum</span> <span class='ocrx_word' id='word_1_111' title='bbox 247 1937 280 1974; x_wconf 87' lang='lat' dir='ltr'>ex</span> <span class='ocrx_word' id='word_1_112' title='bbox 292 1923 377 1974; x_wconf 88' lang='lat' dir='ltr'>animi</span> <span class='ocrx_word' id='word_1_113' title='bbox 387 1925 534 1986; x_wconf 80' lang='lat' dir='ltr'>sententia,</span> <span class='ocrx_word' id='word_1_114' title='bbox 557 1938 638 1991; x_wconf 88' lang='lat' dir='ltr'>quam</span> <span class='ocrx_word' id='word_1_115' title='bbox 652 1924 708 1974; x_wconf 89' lang='lat' dir='ltr'>bile</span> <span class='ocrx_word' id='word_1_116' title='bbox 725 1926 752 1974; x_wconf 85' lang='lat' dir='ltr'>et</span> <span class='ocrx_word' id='word_1_117' title='bbox 766 1921 910 1974; x_wconf 78' lang='lat' dir='ltr'>stomacho</span> 
     </span>
     <span class='ocr_line' id='line_1_20' title="bbox 114 1997 910 2065; baseline 0.001 -19"><span class='ocrx_word' id='word_1_118' title='bbox 114 1997 293 2064; x_wconf 85' lang='lat' dir='ltr'>fingerentur,</span> <span class='ocrx_word' id='word_1_119' title='bbox 314 1998 428 2050; x_wconf 87' lang='lat' dir='ltr'>volebat</span> <span class='ocrx_word' id='word_1_120' title='bbox 441 1998 544 2064; x_wconf 82' lang='lat' dir='ltr'>accipi:</span> <span class='ocrx_word' id='word_1_121' title='bbox 570 1998 732 2065; x_wconf 81' lang='lat' dir='ltr'>dicebatque</span> <span class='ocrx_word' id='word_1_122' title='bbox 747 1997 910 2049; x_wconf 80' lang='lat' dir='ltr'>identidem:</span> 
     </span>
     <span class='ocr_line' id='line_1_21' title="bbox 116 2067 910 2140; baseline 0.005 -20"><span class='ocrx_word' id='word_1_123' title='bbox 116 2067 242 2134; x_wconf 76' lang='lat' dir='ltr'>Oderint,</span> <span class='ocrx_word' id='word_1_124' title='bbox 264 2073 324 2124; x_wconf 88' lang='lat' dir='ltr'>dum</span> <span class='ocrx_word' id='word_1_125' title='bbox 334 2074 455 2140; x_wconf 77' lang='lat' dir='ltr'>prodent.</span> <span class='ocrx_word' id='word_1_126' title='bbox 495 2071 602 2125; x_wconf 87' lang='lat' dir='ltr'>Deinde</span> <span class='ocrx_word' id='word_1_127' title='bbox 612 2089 678 2125; x_wconf 85' lang='lat' dir='ltr'>vera</span> <span class='ocrx_word' id='word_1_128' title='bbox 688 2073 769 2140; x_wconf 81' lang='lat' dir='ltr'>plone</span> <span class='ocrx_word' id='word_1_129' title='bbox 781 2078 910 2140; x_wconf 89' lang='lat' dir='ltr'>certaque</span> 
     </span>
     <span class='ocr_line' id='line_1_22' title="bbox 114 2146 428 2211; baseline 0.013 -17"><span class='ocrx_word' id='word_1_130' title='bbox 114 2160 182 2208; x_wconf 82' lang='lat' dir='ltr'>ease,</span> <span class='ocrx_word' id='word_1_131' title='bbox 193 2146 253 2211; x_wconf 86' lang='lat' dir='ltr'>ipse</span> <span class='ocrx_word' id='word_1_132' title='bbox 263 2147 329 2198; x_wconf 87' lang='lat' dir='ltr'>iecit</span> <span class='ocrx_word' id='word_1_133' title='bbox 339 2147 428 2198; x_wconf 86' lang='lat' dir='ltr'>fidem.</span> 
     </span>
    </p>

    <p class='ocr_par' dir='ltr' id='par_1_13' title="bbox 111 2217 933 2816">
     <span class='ocr_line' id='line_1_23' title="bbox 171 2217 908 2290; baseline 0.007 -23"><span class='ocrx_word' id='word_1_134' title='bbox 171 2217 231 2268; x_wconf 88' lang='lat' dir='ltr'>LX.</span> <span class='ocrx_word' id='word_1_135' title='bbox 252 2219 282 2270; x_wconf 88' lang='lat' dir='ltr'>in</span> <span class='ocrx_word' id='word_1_136' title='bbox 294 2223 389 2288; x_wconf 79' lang='lat' dir='ltr'>paucis</span> <span class='ocrx_word' id='word_1_137' title='bbox 401 2221 509 2285; x_wconf 86' lang='lat' dir='ltr'>diebus,</span> <span class='ocrx_word' id='word_1_138' title='bbox 527 2238 608 2290; x_wconf 86' lang='lat' dir='ltr'>quam</span> <span class='ocrx_word' id='word_1_139' title='bbox 620 2223 741 2290; x_wconf 83' lang='lat' dir='ltr'>Capreas</span> <span class='ocrx_word' id='word_1_140' title='bbox 757 2223 857 2290; x_wconf 83' lang='lat' dir='ltr'>attigit,</span> <span class='ocrx_word' id='word_1_141' title='bbox 869 2223 908 2289; x_wconf 94' lang='lat' dir='ltr'>pi-</span> 
     </span>
     <span class='ocr_line' id='line_1_24' title="bbox 115 2295 907 2366; baseline 0.003 -22"><span class='ocrx_word' id='word_1_142' title='bbox 115 2295 231 2358; x_wconf 81' lang='lat' dir='ltr'>scatori,</span> <span class='ocrx_word' id='word_1_143' title='bbox 253 2296 301 2363; x_wconf 90' lang='lat' dir='ltr'>qui</span> <span class='ocrx_word' id='word_1_144' title='bbox 316 2297 371 2346; x_wconf 85' lang='lat' dir='ltr'>eibi</span> <span class='ocrx_word' id='word_1_145' title='bbox 384 2303 517 2347; x_wconf 85' lang='lat' dir='ltr'>secretum</span> <span class='ocrx_word' id='word_1_146' title='bbox 534 2299 627 2365; x_wconf 84' lang='lat' dir='ltr'>agenti</span> <span class='ocrx_word' id='word_1_147' title='bbox 645 2298 777 2366; x_wconf 86' lang='lat' dir='ltr'>grandem</span> <span class='ocrx_word' id='word_1_148' title='bbox 796 2296 907 2348; x_wconf 89' lang='lat' dir='ltr'>mullum</span> 
     </span>
     <span class='ocr_line' id='line_1_25' title="bbox 113 2370 907 2441; baseline 0.001 -21"><span class='ocrx_word' id='word_1_149' title='bbox 113 2370 290 2437; x_wconf 84' lang='lat' dir='ltr'>inopinanter</span> <span class='ocrx_word' id='word_1_150' title='bbox 301 2371 451 2436; x_wconf 83' lang='lat' dir='ltr'>obtulerat,</span> <span class='ocrx_word' id='word_1_151' title='bbox 464 2371 608 2439; x_wconf 82' lang='lat' dir='ltr'>perfricari</span> <span class='ocrx_word' id='word_1_152' title='bbox 619 2373 714 2424; x_wconf 90' lang='lat' dir='ltr'>eodem</span> <span class='ocrx_word' id='word_1_153' title='bbox 724 2374 800 2441; x_wconf 84' lang='lat' dir='ltr'>pisce</span> <span class='ocrx_word' id='word_1_154' title='bbox 810 2371 907 2423; x_wconf 87' lang='lat' dir='ltr'>faciem</span> 
     </span>
     <span class='ocr_line' id='line_1_26' title="bbox 114 2445 907 2516; baseline 0.004 -23"><span class='ocrx_word' id='word_1_155' title='bbox 114 2445 208 2509; x_wconf 82' lang='lat' dir='ltr'>iussit,</span> <span class='ocrx_word' id='word_1_156' title='bbox 219 2446 343 2510; x_wconf 84' lang='lat' dir='ltr'>territus,</span> <span class='ocrx_word' id='word_1_157' title='bbox 360 2447 469 2514; x_wconf 83' lang='lat' dir='ltr'>quodie</span> <span class='ocrx_word' id='word_1_158' title='bbox 480 2463 497 2498; x_wconf 87' lang='lat' dir='ltr'>a</span> <span class='ocrx_word' id='word_1_159' title='bbox 506 2453 584 2516; x_wconf 83' lang='lat' dir='ltr'>tergo</span> <span class='ocrx_word' id='word_1_160' title='bbox 595 2449 703 2499; x_wconf 81' lang='lat' dir='ltr'>insulae</span> <span class='ocrx_word' id='word_1_161' title='bbox 713 2463 762 2515; x_wconf 88' lang='lat' dir='ltr'>per</span> <span class='ocrx_word' id='word_1_162' title='bbox 774 2461 870 2516; x_wconf 86' lang='lat' dir='ltr'>aspera</span> <span class='ocrx_word' id='word_1_163' title='bbox 880 2453 907 2497; x_wconf 86' lang='lat' dir='ltr'>et</span> 
     </span>
     <span class='ocr_line' id='line_1_27' title="bbox 113 2516 933 2588; baseline 0.006 -21"><span class='ocrx_word' id='word_1_164' title='bbox 113 2516 193 2572; x_wconf 81' lang='lat' dir='ltr'>devio</span> <span class='ocrx_word' id='word_1_165' title='bbox 204 2521 350 2588; x_wconf 74' lang='lat' dir='ltr'>erepsisset</span> <span class='ocrx_word' id='word_1_166' title='bbox 361 2521 395 2572; x_wconf 88' lang='lat' dir='ltr'>ad</span> <span class='ocrx_word' id='word_1_167' title='bbox 407 2538 445 2573; x_wconf 84' lang='lat' dir='ltr'>ae.</span> <span class='ocrx_word' id='word_1_168' title='bbox 485 2521 645 2574; x_wconf 82' lang='lat' dir='ltr'>Gramionti</span> <span class='ocrx_word' id='word_1_169' title='bbox 660 2528 751 2575; x_wconf 85' lang='lat' dir='ltr'>autem</span> <span class='ocrx_word' id='word_1_170' title='bbox 762 2523 834 2574; x_wconf 89' lang='lat' dir='ltr'>inter</span> <span class='ocrx_word' id='word_1_171' title='bbox 843 2535 906 2588; x_wconf 89' lang='lat' dir='ltr'>poe·</span> <span class='ocrx_word' id='word_1_172' title='bbox 929 2531 933 2538; x_wconf 86' lang='grc'><strong><em>·</em></strong></span> 
     </span>
     <span class='ocr_line' id='line_1_28' title="bbox 111 2596 908 2666; baseline 0.005 -22"><span class='ocrx_word' id='word_1_173' title='bbox 111 2607 188 2657; x_wconf 85' lang='lat' dir='ltr'>nam,</span> <span class='ocrx_word' id='word_1_174' title='bbox 210 2597 284 2664; x_wconf 87' lang='lat' dir='ltr'>quod</span> <span class='ocrx_word' id='word_1_175' title='bbox 294 2613 350 2649; x_wconf 90' lang='lat' dir='ltr'>uon</span> <span class='ocrx_word' id='word_1_176' title='bbox 361 2602 389 2650; x_wconf 87' lang='lat' dir='ltr'>et</span> <span class='ocrx_word' id='word_1_177' title='bbox 397 2597 546 2663; x_wconf 73' lang='lat' dir='ltr'>locustam,</span> <span class='ocrx_word' id='word_1_178' title='bbox 566 2613 647 2666; x_wconf 85' lang='lat' dir='ltr'>quam</span> <span class='ocrx_word' id='word_1_179' title='bbox 658 2596 854 2665; x_wconf 80' lang='lat' dir='ltr'>praegrandem</span> <span class='ocrx_word' id='word_1_180' title='bbox 865 2612 908 2648; x_wconf 89' lang='lat' dir='ltr'>ce·</span> 
     </span>
     <span class='ocr_line' id='line_1_29' title="bbox 112 2672 907 2741; baseline 0.009 -26"><span class='ocrx_word' id='word_1_181' title='bbox 112 2675 199 2733; x_wconf 86' lang='lat' dir='ltr'>perot,</span> <span class='ocrx_word' id='word_1_182' title='bbox 213 2672 370 2738; x_wconf 77' lang='lat' dir='ltr'>obtulisset,</span> <span class='ocrx_word' id='word_1_183' title='bbox 382 2673 491 2726; x_wconf 77' lang='lat' dir='ltr'>locusta</span> <span class='ocrx_word' id='word_1_184' title='bbox 501 2689 610 2741; x_wconf 87' lang='lat' dir='ltr'>quoquc</span> <span class='ocrx_word' id='word_1_185' title='bbox 620 2673 738 2724; x_wconf 82' lang='lat' dir='ltr'>lacerari</span> <span class='ocrx_word' id='word_1_186' title='bbox 749 2687 782 2724; x_wconf 80' lang='lat' dir='ltr'>os</span> <span class='ocrx_word' id='word_1_187' title='bbox 791 2672 907 2739; x_wconf 84' lang='lat' dir='ltr'>impera-</span> 
     </span>
     <span class='ocr_line' id='line_1_30' title="bbox 114 2739 906 2816; baseline 0.01 -24"><span class='ocrx_word' id='word_1_188' title='bbox 114 2739 161 2790; x_wconf 83' lang='lat' dir='ltr'>vit.</span> <span class='ocrx_word' id='word_1_189' title='bbox 200 2743 317 2797; x_wconf 88' lang='lat' dir='ltr'>Militem</span> <span class='ocrx_word' id='word_1_190' title='bbox 332 2750 538 2810; x_wconf 79' lang='lat' dir='ltr'>praetorianum</span> <span class='ocrx_word' id='word_1_191' title='bbox 553 2749 590 2800; x_wconf 89' lang='lat' dir='ltr'>ob</span> <span class='ocrx_word' id='word_1_192' title='bbox 604 2754 758 2816; x_wconf 78' lang='lat' dir='ltr'>surreptum</span> <span class='ocrx_word' id='word_1_193' title='bbox 769 2746 906 2800; x_wconf 79' lang='lat' dir='ltr'>eriridio·</span> 
     </span>
    </p>
   </div>
   <div class='ocr_carea' id='block_1_5' title="bbox 0 0 1030 3034">
    <p class='ocr_par' dir='ltr' id='par_1_14' title="bbox 0 0 1030 3034">
     <span class='ocr_line' id='line_1_31' title="bbox 0 0 1030 3034; baseline 0 1"><span class='ocrx_word' id='word_1_194' title='bbox 0 0 1030 3034; x_wconf 95' lang='lat' dir='ltr'> </span> 
     </span>
    </p>
   </div>
  </div>
 </body>
</html>
