2050 3034
167 206 218 260 188
426 209 452 255 C.
477 207 663 256 suuroun

167 331 591 398 diversissimameodemvitie,
612 347 747 384 summam
757 330 980 399 confidentiam,

166 414 194 460 et
205 414 301 460 contra
311 409 424 460 nimium
436 415 545 460 metum.
584 407 655 460 Nam
672 408 720 476 qui
734 408 801 459 deos
817 412 980 475 tantopere

166 489 363 547 contemneret,
375 484 411 534 ad
421 485 533 536 minima
541 484 665 535 tonitrua
675 488 704 534 et
713 481 825 550 fulgura
836 484 977 535 connive—
1017 529 1018 542 ,

164 575 207 623 re,
229 564 311 625 caput
327 559 485 623 obvolvere,
506 558 542 610 ad
556 574 621 610 vero
632 559 741 608 maiora
751 558 900 626 proripere
911 573 944 610 se
957 576 974 610 e
1017 563 1018 566 ’

165 639 266 697 strato,
282 633 332 683 sub
344 633 497 702 lectumque
509 633 626 685 condere
641 633 758 684 solebat.
798 631 971 700 Peregrina·
1017 689 1018 712 Χ

163 709 239 760 tione
260 707 369 776 quidem
384 706 535 772 Siciliensi,
555 708 645 759 irrisis
664 707 814 758 multorum
832 706 968 759 locorum

163 782 313 846 miraculis,
324 788 433 849 repente
445 783 596 834 aMessana
605 789 690 836 noctu
698 780 832 849 profugit,
843 781 968 835 Aetnaei
1017 785 1018 828 l

163 857 274 907 verticis
294 856 369 908 furno
395 873 428 908 ac
451 874 588 911 murmure
606 847 776 925 pavefactus.
819 857 966 910 Adversus

163 931 298 984 barbaros
309 949 417 1001 quoque
427 933 641 998 minacissimus,
654 948 735 1000 quum
745 936 823 982 trans
833 930 966 984 Rhenum
1017 941 1018 1008 l

163 1007 235 1058 inter·
250 1009 391 1074 angustias
407 1008 572 1075 densumque
587 1023 684 1076 agmen
697 1008 751 1058 iter
765 1006 863 1058 essedo
885 1007 965 1059 face·

162 1088 216 1146 ret,
238 1082 344 1135 dicente
360 1083 492 1151 quodam,
507 1099 560 1136 ooo
572 1082 726 1134 mediocrem
729 1081 795 1153 fore
806 1091 963 1134 cooeterna·
1017 1077 1018 1132 l

163 1156 268 1220 donem,
280 1158 385 1210 sicunde
395 1157 477 1210 bostis
487 1167 622 1226 appareat,
629 1173 728 1225 equum
737 1157 815 1208 illico
827 1172 963 1210 consocn-

95 1283 98 1288 .
163 1232 204 1282 dit
209 1249 216 1296 3
237 1247 270 1283 ac
279 1248 396 1301 propere
405 1248 500 1284 versus
512 1233 547 1283 ad
557 1240 664 1302 pontes,
673 1237 763 1292 uteos
774 1231 921 1284 calonibus
933 1241 964 1286 et
1017 1219 1018 1244 ¹

162 1307 363 1375 impedimentis
373 1309 492 1376 stipatos
502 1309 616 1376 reperit,
630 1307 777 1375 impatiens
787 1322 897 1373 morae,
908 1323 962 1375 per

162 1396 258 1432 manus
270 1399 303 1434 ac
313 1399 395 1450 super
406 1385 498 1451 capita
506 1382 647 1435 hominum
657 1381 808 1434 translatus
819 1387 870 1435 est.
888 1381 961 1435 Mox

162 1456 259 1520 etiam,
271 1457 366 1509 audita
376 1457 525 1510 rebellione
537 1456 714 1522 Germaniae,
725 1456 820 1524 fugam
831 1463 859 1509 et
869 1459 960 1510 subsi-

163 1531 209 1582 dia
219 1530 301 1599 fugae
312 1533 413 1584 classes
424 1534 645 1601 apparabat,uuo
657 1533 758 1584 solatio
770 1533 957 1600 acquiescens,

161 1607 359 1662 transmarinas
370 1608 424 1658 sibi
434 1607 624 1674 superfuturas
633 1608 800 1675 provincias,
807 1607 958 1662 sivictores

162 1681 270 1746 Alpium
280 1683 357 1748 iuga,
372 1689 403 1733 ut
414 1680 529 1747 Cimbri,
545 1683 589 1735 vel
600 1683 682 1735 etiam
692 1683 805 1746 Urbem,
824 1688 858 1734 ut
873 1683 957 1736 Seno·

161 1771 209 1806 nes
226 1757 376 1822 quondam,
393 1765 571 1826 occuparent:
590 1758 663 1809 unde
684 1756 766 1810 credo
787 1760 956 1825 percussori-

161 1830 212 1880 bus
223 1831 281 1882 eius
291 1839 389 1898 postea
400 1835 544 1885 consilium
555 1839 662 1898 natum,
675 1832 747 1903 apud
757 1833 956 1886 tumultuantes

160 1906 261 1958 milites
272 1909 448 1974 ementiendi,
464 1911 554 1976 ipsum
563 1910 619 1960 sibi
629 1924 726 1961 manus
735 1907 879 1974 intulisse,
890 1926 954 1962 uun-

162 1983 205 2034 cio
217 1982 306 2035 malae
317 2000 423 2052 pugnae
433 1985 615 2053 perterritum.

217 2056 276 2109 LII.
297 2057 406 2110 Vestitu
420 2059 596 2126 calceatuque
613 2065 640 2111 et
654 2064 744 2111 cetero
759 2055 859 2112 habitu
869 2077 953 2128 neque

161 2133 253 2196 patrio
264 2148 351 2200 neque
363 2133 446 2198 cirili,
453 2150 486 2185 ac
495 2134 609 2185 nevirili
620 2135 729 2204 quidem
740 2133 897 2204 acdenique
907 2133 952 2188 hu-

162 2220 257 2269 mano,
278 2223 384 2272 semper
393 2224 459 2258 usus
470 2213 519 2260 est.
560 2207 647 2276 Saepe
659 2209 782 2276 depictas
791 2217 952 2277 geonnatas-
1017 2239 1018 2246 κ

163 2296 214 2347 que
231 2279 344 2332 indutus
363 2282 508 2349 paenulas,
530 2284 701 2336 manuleatus
716 2290 744 2336 et
758 2283 911 2338 armillatus
924 2287 952 2336 in
1017 2277 1018 2290 ¹

161 2355 300 2422 publicum
311 2358 458 2422 prooessit;
479 2358 628 2425 aliquando
643 2359 777 2410 sericatus
789 2365 817 2410 et
827 2360 951 2428 cyclada-

161 2439 218 2494 tns3
238 2447 271 2482 ac
280 2431 363 2484 modo
374 2433 403 2484 iu
415 2432 533 2500 crepidis
543 2434 587 2486 vel
598 2431 747 2499 cothurnis,
758 2434 844 2488 modo
855 2437 884 2488 in
895 2452 950 2503 spe-

161 2506 297 2560 culatoria
308 2507 409 2575 caliga,
431 2524 625 2578 nonnunquam
639 2525 722 2564 socco
737 2509 879 2573 muliebri;
898 2511 950 2578 ple-

158 2598 273 2650 rumque
282 2599 348 2635 vero
360 2599 445 2636 aurea
453 2585 553 2649 barba,
574 2583 677 2636 fulmen
686 2591 795 2650 tenens,
812 2585 948 2638 authuri-

158 2671 235 2721 nam,
256 2666 304 2711 out
314 2660 475 2725 caducemn,
497 2660 610 2712 deorum
620 2659 753 2728 insignia3
775 2662 860 2728 atque
871 2663 948 2714 etiam

158 2729 273 2790 Veneris
285 2734 361 2788 cultu
371 2741 533 2808 conspectus
544 2742 594 2788 est.
624 2733 832 2806 Triumphalem
844 2737 946 2808 quidem
