2036 3022
150 159 200 210 3⁰2
426 161 452 206 C.
481 159 664 206 SUETONll

150 285 209 340 otio
224 297 385 354 secessuque
400 284 468 352 egit,
484 270 661 351 Agrippinam
677 282 790 348 timens,
807 288 955 350 potentem

149 358 239 413 adhuc
253 361 326 429 apud
340 361 427 411 hlium
441 367 469 410 et
483 358 604 411 defuncti
615 374 724 428 quoque
738 358 873 412 Narcissi
884 363 952 412 anii-

148 453 195 490 cos
206 452 342 504 perosam.
381 434 487 488 Exinde
497 435 611 486 sortitus
621 432 755 499 Africam,
766 434 951 503 integerrime

145 529 195 564 nec
204 512 263 562 sine
274 526 373 578 magua
384 510 543 576 dignatione
554 509 757 560 administravit
768 525 780 572 ι
796 512 857 562 nisi
874 513 950 579 qnod

144 587 285 638 adrumeti
299 586 434 637 seditione
450 585 568 652 quadam
582 599 651 650 rapa
665 583 695 634 in
709 600 771 636 eum
780 585 863 636 iacta
875 595 948 638 sunt.

144 662 237 714 Rediit
257 667 328 712 certe
348 658 434 710 nihilo
456 660 621 729 opulentior,
641 664 672 710 ut
686 659 742 726 qui,
764 661 856 726 probe
873 661 948 713 labe-

143 737 219 788 facta
227 737 283 786 iam
294 735 361 798 lide,
374 735 467 786 omnia
476 735 591 802 praedia
600 733 682 785 fratri
692 733 839 802 obligarit,
852 752 948 788 neees-

142 811 272 877 sarioquc
288 810 323 860 ad
333 811 512 877 mangonicos
523 816 652 876 quaestus
663 809 843 862 sustinendae
856 811 947 880 digni-

141 887 208 937 tatis
223 901 307 936 causa
322 885 509 949 descenderit3
535 890 647 952 propter
662 884 736 952 quod
750 884 837 952 vulgo
852 885 947 938 Mulio

142 962 304 1013 vocabatur.
343 960 491 1012 Convictus
511 975 620 1028 quoque
640 958 741 1010 dicitur
761 958 886 1012 ducenta
905 978 946 1013 se·

143 1037 239 1088 stertis
249 1037 414 1105 expressisse
425 1036 525 1098 iuveni,
538 1035 583 1086 cui
592 1034 679 1085 latum
690 1034 798 1084 clavum
810 1035 946 1088 adversus

142 1113 230 1178 patris
240 1111 408 1163 voluntatem
419 1111 588 1178 impetrarat,
600 1125 688 1178 eoque
698 1109 810 1160 nomine
820 1113 947 1178 graviter

141 1188 300 1254 increpitus.
348 1185 572 1254 Peregrinatione
592 1181 713 1236 Achaica
731 1185 805 1235 inter
827 1189 945 1238 comites

145 1262 272 1325 Neronis,
294 1277 376 1328 quum
396 1267 523 1312 cantante
538 1275 570 1312 eo
587 1265 635 1310 aut
651 1259 805 1314 discederet
819 1264 944 1328 saepius,

145 1343 194 1388 ant
207 1353 336 1403 praesens
353 1336 576 1399 obdormisceret,
596 1335 787 1402 gravissimam
804 1339 947 1388 contraxit

146 1412 291 1464 offensam:
312 1411 520 1479 prohibitusque
530 1426 585 1462 nou
597 1410 775 1462 contubernio
787 1412 886 1476 modo,
897 1413 945 1464 sed

145 1490 227 1540 ctiam
241 1488 352 1554 publica
365 1487 545 1549 salutatione,
561 1485 673 1536 secessit
687 1485 715 1536 in
726 1501 841 1551 parvam
855 1503 890 1538 ac
901 1487 946 1539 de*

144 1565 217 1614 viam
229 1563 377 1625 civitatem,
394 1562 486 1628 quoad
495 1560 592 1611 latenti
602 1560 738 1628 etiamque
749 1569 877 1614 extrema
891 1580 944 1614 me·

144 1639 233 1688 tuenti
251 1638 394 1704 provincia
415 1653 474 1688 cum
490 1637 612 1688 exercitu
626 1635 721 1686 oblata
735 1642 785 1686 est.
831 1636 959 1692 Percre-x

144 1715 243 1764 buerat
259 1713 370 1764 Oriente
384 1717 443 1763 toto
455 1717 532 1763 vetus
543 1718 571 1762 et
580 1717 709 1762 constans
720 1711 833 1777 opinio,
844 1728 907 1766 esse
916 1715 944 1764 in

144 1788 223 1852 fatis,
239 1795 270 1838 ut
285 1803 317 1839 eo
332 1795 455 1854 tempore
470 1787 571 1837 ludaea
586 1783 703 1852 proiecti
717 1801 808 1836 rerum
820 1789 943 1855 potiren-

144 1873 198 1915 tur.
236 1863 280 1926 ld,
302 1863 335 1914 de
354 1863 520 1928 imperatore
535 1861 674 1924 Romano,
696 1867 830 1928 quantum
846 1872 944 1915 eventu

143 1946 241 2005 postea
255 1939 358 2005 patuit,
369 1936 547 2002 praedictum,
559 1935 654 1986 ludaei
664 1935 699 1985 ad
710 1951 739 1985 se
749 1935 894 1990 trahentes
904 1956 943 1990 re·

144 2015 299 2066 bellarunt:
326 2027 460 2079 caesoque
484 2011 662 2077 praeposito,
683 2010 804 2076 legatum
829 2013 944 2081 irrsuper

146 2089 244 2155 Syriae
260 2087 431 2139 consularem
450 2086 590 2155 suppetias
604 2083 734 2136 ferentem
749 2093 834 2152 rapta
849 2089 944 2157 aquila

145 2163 317 2230 fugaverunt.
355 2161 397 2211 Ad
411 2161 482 2212 huno
497 2167 601 2212 motum
612 2160 848 2228 comprimendum
860 2163 942 2232 quum

145 2239 267 2289 exercitu
282 2237 414 2304 ampliore
429 2243 456 2288 et
470 2252 526 2286 non
536 2237 676 2287 instrenuo
692 2235 775 2300 duce,
790 2239 837 2288 cui
851 2245 942 2290 tamen

144 2319 205 2364 tuto
221 2319 299 2364 tanta
312 2328 356 2362 res
371 2313 597 2374 committeretur,
609 2325 678 2379 opus
689 2305 773 2374 esset,
784 2311 846 2378 ipse
857 2316 942 2382 potis·

146 2389 244 2438 simum
264 2387 384 2437 delectum
404 2393 453 2450 est,
475 2393 502 2436 et
520 2392 552 2436 ut
570 2384 722 2436 industriae
737 2394 877 2454 expertae,
893 2406 942 2441 nec

144 2462 304 2512 metuendus
318 2461 376 2511 ullo
391 2460 473 2511 modo
486 2462 521 2512 ob
533 2459 714 2512 humilitatem
728 2463 838 2528 generis
850 2479 884 2516 ac
893 2481 941 2516 no-

145 2535 235 2586 minis.
274 2535 381 2586 Additis
395 2535 480 2601 igitur
495 2535 529 2584 ad
545 2536 641 2602 copias
652 2534 759 2586 duabus
774 2536 941 2604 legionibus,

146 2617 209 2658 octo
222 2610 287 2673 alis,
304 2607 463 2660 cohortibus
475 2609 579 2674 decem,
592 2616 673 2676 atque
683 2611 755 2662 inter
764 2611 876 2680 legatos
887 2632 941 2668 rna·

143 2679 204 2732 iore
224 2683 281 2734 lilio
303 2691 456 2750 assumpto,
477 2691 508 2734 ut
521 2685 637 2751 primum
652 2686 825 2756 provinciam
842 2691 941 2760 attigit,
