2044 3028
148 127 196 181 332
426 131 453 176 o.
478 129 663 178 sunrorsrr

147 254 265 321 pudicos
275 253 466 328 prohaverant
477 261 506 304 et
516 255 551 304 ob
561 253 591 303 id
601 267 688 320 neque
700 251 774 318 apud
786 251 885 304 ducem
895 268 946 305 uec
1001 253 1002 280 ;

148 329 221 396 apud
231 325 331 380 milites
341 329 425 380 ullius
435 329 566 380 momenti
575 343 633 378 esse
643 327 777 393 potuisse.

202 404 250 454 xl.
271 403 339 454 Erat
353 411 442 456 autem
457 420 513 455 non
529 403 618 454 solum
627 417 757 470 magnae,
768 401 819 454 sed
829 409 858 454 et
868 401 944 454 calli-

148 479 199 530 dae
212 480 426 547 inopinataeque
441 480 581 530 saevitiae.
619 477 747 528 dotorem
762 493 942 542 summarum,
1002 527 1003 532 ,

146 553 235 619 pridie
246 570 327 622 quam
338 556 413 606 cruci
423 555 526 620 figeret,
537 554 566 604 in
577 552 732 604 cubiculum
742 553 864 616 vocavit,
876 554 942 604 assi-

148 629 211 679 dere
220 629 249 678 in
259 635 322 680 toro
333 630 411 679 iuxta
422 628 525 695 coligit,
537 643 660 680 securum
675 625 850 696 hilaremque
864 628 942 678 dimi-

147 704 191 766 sit,
202 704 327 770 partibus
337 705 420 754 etiam
430 703 464 754 de
475 707 562 754 coena
571 704 699 770 dignatus
709 709 760 753 est.
785 703 942 753 Arretinum

147 778 310 828 Clementem
323 776 591 843 consularem,unum
603 794 617 828 e
627 776 814 828 familiaribus
825 783 855 828 ct
863 778 942 828 emis·

147 851 228 901 sariis
248 852 318 917 suis,
338 854 437 920 capitis
458 853 699 916 condemnaturus,
719 853 749 902 in
767 851 878 915 eadem,
899 852 943 902 vel

147 927 228 977 etiam
242 927 272 978 in
285 928 391 979 maiore
406 929 497 995 gratia
510 926 617 990 habuit,
634 927 726 995 quoad
741 926 893 978 novissime
907 927 942 976 si-

146 1002 202 1051 mul
216 1004 346 1068 gestanti,
363 1010 509 1070 conspecto
526 1002 649 1053 delatore
663 1002 740 1052 eius:
765 999 826 1063 Vis,
841 1002 941 1068 inquit,

146 1075 214 1128 hunc
234 1077 418 1143 nequissimum
436 1093 537 1128 :croam
557 1093 616 1128 cra:
636 1075 797 1126 audiamus?
834 1076 872 1126 Et
886 1092 941 1144 quo
995 1125 998 1132 ,

146 1153 327 1219 contemptius
351 1154 508 1214 abuteretur
531 1152 665 1220 patientia
687 1149 848 1214 hominum,
873 1166 941 1202 nun-

146 1241 226 1293 quam
238 1228 387 1280 tristiorem
398 1228 560 1279 sententiam
571 1227 630 1276 sine
640 1225 812 1292 praefatione
823 1226 941 1278 clemen-

145 1302 201 1351 tiae
215 1304 425 1370 pronunciavit3
445 1310 545 1353 utnon
560 1301 636 1352 aliud
651 1302 707 1352 iam
722 1302 824 1352 certius
835 1303 940 1352 atrocis

145 1376 235 1426 exitus
251 1378 357 1443 signum
372 1384 456 1440 esset,
468 1393 549 1445 quam
560 1376 689 1444 principii
699 1375 809 1430 lenitas.
851 1376 939 1438 Quos·

146 1450 208 1500 dam
222 1453 375 1503 maiestatis
389 1468 452 1504 reos
466 1453 494 1502 in
510 1452 612 1503 curiam
628 1450 793 1502 induxerat:
813 1457 842 1502 et
857 1466 939 1520 quum

145 1527 339 1593 praedixisset,
351 1536 518 1594 expertorum
528 1543 555 1577 se
564 1525 610 1604 cd·
621 1524 673 1587 die,
685 1542 764 1592 qaam
775 1542 855 1578 caru:
865 1543 938 1578 :erta-

145 1601 187 1652 tua'
199 1611 276 1663 esset,
291 1601 373 1652 facile
387 1601 550 1669 perfecerat,
567 1607 598 1651 ut
612 1601 695 1652 etiam
710 1616 786 1652 more
801 1602 939 1654 maiorum

144 1676 275 1744 puniendi
295 1677 558 1728 condemnarentur:
579 1676 691 1738 deinde,
707 1677 857 1728 atrocitate
875 1693 939 1744 poe·

144 1765 197 1800 nae
212 1751 388 1815 conterritus,
405 1752 440 1803 ad
454 1752 609 1803 leniendam
623 1751 754 1801 invidiam
769 1751 939 1815 intercessit,

144 1822 187 1875 his
196 1827 287 1876 verbis
298 1844 305 1878 z
325 1842 412 1897 neque
423 1828 493 1878 enim
505 1828 540 1877 ab
550 1843 580 1878 re
589 1825 673 1876 fuerit
682 1827 743 1894 ipsa
755 1841 940 1893 cognoscere:

147 1899 306 1964 Permittite,
315 1912 407 1969 patrer
417 1901 571 1968 consorini,
583 1916 600 1950 n
606 1899 707 1966 pietate
717 1910 804 1950 cestra
815 1901 941 1968 impetra-

146 1975 183 2037 ri,
196 1978 266 2043 qaod
274 1976 326 2029 seio
338 1994 378 2028 me
388 1977 532 2048 dffflcalter
541 1976 755 2042 impetraturum,
767 1984 800 2025 at
809 1976 943 2028 damnatis

146 2051 253 2103 liberam
270 2052 361 2103 mortis
371 2051 512 2103 arbitrium
521 2049 689 2118 indulgentis.
729 2048 800 2100 Num
811 2061 838 2102 et
847 2068 942 2119 paree-

147 2123 180 2176 tis
191 2126 271 2177 oculi:
280 2126 384 2189 vestris,
401 2136 427 2178 et
440 2126 588 2195 intelligent
597 2141 637 2176 me
647 2141 734 2176 omne:
744 2126 851 2178 :maturi
860 2127 941 2179 inter-

161 2217 236 2251 unse.

139 2199 164 2270 f
201 2275 262 2326 ΧΠ.
286 2275 443 2328 Exhaustus
462 2292 575 2344 operum
594 2291 627 2327 ac
644 2291 786 2327 munerum
799 2277 941 2346 impensis,

145 2350 350 2419 stipendioque,
370 2353 444 2419 quod
464 2353 615 2415 adiecerat,
632 2352 749 2401 tentavit
767 2352 892 2418 quidem,
906 2352 941 2404 ad

145 2424 307 2476 relevandos
328 2435 479 2479 castrenses
498 2433 638 2494 sumptus,
660 2426 778 2476 militum
797 2441 941 2478 numerum

146 2498 319 2552 deminuere:
339 2503 387 2554 sed
403 2518 485 2570 quum
500 2507 527 2552 et
542 2501 691 2552 obnoxium
706 2517 735 2551 sc
750 2501 878 2554 barbaris
893 2519 942 2570 per

145 2568 199 2623 hoo
213 2574 453 2641 animadverteret,
468 2591 555 2643 neque
571 2591 603 2627 eo
619 2575 708 2626 secius
722 2576 752 2626 in
768 2576 941 2643 explicandis

146 2649 275 2701 oneribus
294 2647 430 2717 haereret,
453 2649 523 2702 nihil
542 2651 620 2718 pensi
640 2649 749 2714 habuit,
775 2653 842 2719 quin
862 2669 940 2720 prae-
