2026 3020
214 239 348 289 IULIUS
373 239 528 289 CAESAR.
565 242 780 291 caum-ss.
863 240 896 292 29

98 368 164 420 auri
178 367 287 421 imatus
307 381 321 416 e
337 365 490 434 Capitolio,
511 365 671 417 tantundem
688 366 810 418 inaurati
823 368 895 418 aeris

97 442 237 512 reposuit.
275 441 428 493 Societates
443 457 476 492 ac
488 456 575 508 regua
588 441 679 508 pretio
695 440 782 504 dedit3
801 443 895 508 utqui

96 515 314 568 uniPtolelnaeo
325 531 412 584 prope
423 531 472 567 sex
481 515 570 588 millia
580 515 748 567 talentorum
757 515 892 569 suoPom·

96 593 211 660 polique
220 591 331 642 nomine
343 591 495 642 abstulerit.
534 589 636 642 Postea
645 606 711 642 vero
722 589 893 642 evidentissi-

96 667 152 718 mis
162 667 269 733 rapinis
281 681 315 716 ae
324 665 478 732 sacrilegiis
493 671 520 716 et
531 681 615 717 onera
625 666 760 717 bellorum
772 665 892 717 civilium

98 749 126 796 et
135 739 339 808 triumphorum
350 756 383 791 ac
393 755 533 792 munerum
545 741 676 792 sustinuit
684 740 833 808 impendia.

155 814 215 867 LV.
227 815 395 882 Eloquentia
404 815 574 882 militarique
584 831 614 866 re
625 822 673 866 ant
683 817 893 884 aequavitprac-

98 890 335 942 stantissimoumr
344 889 471 956 gloriam,
483 895 532 940 aut
541 891 666 941 excessit
704 889 773 943 Post
783 906 894 943 accusa·
927 887 930 892 ’

98 967 205 1017 tionem
215 964 381 1016 Dolabellae
394 961 469 1015 haud
484 964 567 1015 dubie
585 965 760 1032 principibus·
769 967 895 1034 patronis

101 1045 298 1092 annumeratus
308 1044 358 1095 cst,
399 1040 477 1090 Certe
489 1039 585 1089 Cicero
598 1039 633 1088 ad
643 1038 759 1090 Brutum
771 1047 896 1092 oratores

101 1129 278 1178 enumerans,
293 1119 376 1181 negat
385 1128 412 1165 ce
421 1112 517 1176 nidere,
529 1113 573 1164 cai
583 1111 682 1164 Caesar
692 1114 785 1166 debeat
794 1115 897 1166 cedere.-

102 1191 205 1256 aitque,
212 1205 271 1241 earn
281 1190 434 1258 elegantem,
441 1187 600 1256 splendidam
611 1199 805 1256 properantque
816 1188 897 1240 enam

101 1263 274 1333 magnificam
289 1272 316 1315 ct
332 1279 487 1332 generosam
507 1263 695 1330 quodammodo
715 1265 845 1316 rationem
859 1263 897 1314 di-

102 1338 180 1392 cends'
190 1346 290 1390 teneret
309 1345 336 1390 et
347 1339 382 1388 ad
395 1338 551 1390 Cornelium
562 1338 696 1405 Nepotem
708 1339 741 1390 de
752 1341 847 1392 eodem
858 1340 898 1390 ita

103 1413 228 1480 scripsite
261 1412 347 1476 Quis?
368 1421 511 1464 oratorum
532 1429 607 1479 qoem
627 1413 688 1466 baie
703 1425 842 1482 antepones
851 1432 897 1480 ‘eo-

103 1505 171 1551 ram,
184 1487 231 1554 qui
240 1486 309 1540 nibil
316 1487 390 1540 aliud
398 1489 525 1556 egerant?
559 1488 625 1551 Quis
635 1490 770 1542 sententiis
780 1499 828 1541 ant
837 1505 898 1541 amc·

105 1563 158 1614 tior
167 1571 218 1614 aut
227 1561 361 1614 crebrior?
387 1561 444 1627 qais
454 1562 538 1614 verbis
548 1572 597 1614 ant
607 1563 727 1614 ornatior
736 1573 786 1615 ant
794 1567 898 1632 elegan-

105 1637 176 1690 tior?
215 1635 308 1688 Genus
328 1635 502 1704 eloquentiae
522 1636 657 1690 duntaxat
677 1638 837 1691 adolescens
852 1638 899 1688 ad-

105 1711 157 1762 buc
168 1711 314 1763 Strabonis
325 1712 452 1764 Caesaris
463 1719 571 1764 secutus
581 1713 702 1775 videtum
727 1713 805 1765 cuius
816 1713 898 1764 etiam

104 1786 291 1850 exoratione,
307 1801 378 1854 quae
387 1787 549 1838 insmibitur
559 1787 614 1838 Pro
626 1787 729 1850 Sardis,
742 1789 900 1840 adverbum

103 1861 239 1914 nonnulla
247 1861 390 1914 transulit
399 1861 428 1911 in
439 1860 644 1914 Divinationem
656 1879 742 1914 suam.
775 1863 899 1915 Pronun-

105 1937 195 1988 ciasse
205 1941 297 1988 autem
309 1936 411 1987 dicittu
419 1950 488 1986 voce
499 1943 593 2000 acuta,
605 1937 713 1988 ardenti
722 1944 799 1988 motu
809 1943 899 2003 gestu·

105 2027 166 2080 que,
177 2027 235 2064 non
246 2010 304 2064 sine
314 2015 466 2064 venustate.
502 2010 650 2062 Orationes
661 2011 769 2078 aliquas
779 2012 899 2077 reliquit,
940 2073 941 2078 Ἰ

103 2087 178 2140 inter
190 2101 261 2154 quas
273 2092 375 2138 temere
396 2085 531 2153 quaedam
550 2085 683 2137 fenmtnr.
722 2085 778 2136 Pro
794 2087 827 2149 Q.
843 2083 900 2135 Mc·

106 2161 748 2229 tellononimmeritonugustusexistimatmagis
759 2161 794 2213 ab
806 2166 899 2212 actua·

104 2237 154 2288 riis
175 2243 321 2304 exceptam
340 2237 412 2288 male
433 2237 662 2304 subsequentibus
675 2239 760 2288 verba
774 2237 899 2297 dicentis,

106 2327 188 2379 quarn
203 2313 319 2379 abipso
338 2311 449 2362 editam.
488 2310 559 2363 Nam
579 2313 608 2362 in
628 2311 792 2379 quibusdam
812 2326 901 2364 exem·

106 2386 231 2454 pleribus
245 2387 356 2438 invenio
370 2403 404 2438 ne
418 2387 580 2454 inscriptam
595 2387 705 2454 quidem
721 2385 775 2437 Pro
786 2384 900 2445 Metello,

106 2462 154 2513 sed
166 2478 245 2528 qnam
255 2459 362 2527 sempsit
370 2459 488 2524 Metello,
509 2477 592 2529 quum
603 2477 636 2512 ex
646 2476 764 2528 persona
775 2459 902 2511 Caesaris

99 2553 196 2588 ¹uerum
207 2537 257 2600 sit,
269 2535 412 2588 Metellum
422 2551 504 2602 seque
516 2537 646 2588 adversus
658 2535 841 2586 communium
853 2533 900 2583 ob-

105 2617 288 2664 trectatorum
313 2609 518 2662 criminationes
542 2609 696 2679 purgantis.
737 2608 817 2676 Apud
834 2605 902 2658 mili-

107 2696 145 2740 ter
163 2703 275 2756 quoqne
292 2685 321 2736 in
334 2682 468 2751 Hispania
485 2686 558 2737 idem
576 2686 715 2750 Augustus
735 2681 903 2750 [orationem

107 2763 181 2836 csse]
196 2763 246 2818 rix
260 2753 348 2832 ipsius
361 2765 453 2829 putat:
484 2775 554 2831 quae
573 2765 665 2812 tamen
685 2758 785 2826 duplex
804 2758 911 2812 feram,
