2026 3020
233 237 546 290 lunius'cnusnit.
584 242 662 289 CAP.
680 242 796 290 29-33.
876 238 909 291 17

109 369 182 420 bens
192 367 228 418 de
240 366 344 418 Officiis
353 367 436 417 tertio
447 365 532 430 libro,
548 382 656 435 semper
666 367 810 420 Caesarem
819 367 849 420 ln
860 381 909 420 oro

110 442 248 494 habuisse
256 440 397 508 Euripidis
406 456 511 507 versus,
523 457 593 509 qnos
603 441 644 493 sic
653 443 713 510 ipse
724 442 870 496 convertite

191 515 261 568 Nom
271 515 297 568 ei
304 515 452 567 molendum
463 515 560 578 estitit,
571 517 704 586 regnandi
710 516 805 588 gritia

193 589 350 643 Violdndom
361 599 412 643 ert:
431 590 491 642 aliis
500 591 576 642 ribos
582 591 710 659 pietattm
720 595 798 646 colas.

168 666 272 718 XXXI.
293 666 382 726 Quum
398 681 463 733 ergo
480 666 616 718 sublatam
635 668 808 721 tribunorum
823 668 907 718 inter-

111 744 281 806 cessionem,
301 741 433 809 ipsosque
447 741 520 792 Urbe
541 743 655 794 cessisse
675 745 835 796 mmciatum
856 748 906 806 est,

110 817 273 886 praemissis
284 809 428 868 confestim
439 815 508 868 clam
521 815 694 884 cohortibus,
708 835 742 872 ne
753 835 808 888 qna
818 819 907 885 suspi-

112 893 157 944 cio
169 897 337 955 moveretnr‚
359 897 386 942 et
400 892 558 958 spectaculo
569 893 681 960 publico
692 911 741 962 per
751 894 907 947 dissimula·

110 968 221 1020 tionem
228 965 362 1030 intcrluit,
368 971 395 1018 et
403 965 531 1030 formam,
541 982 596 1034 qua
606 968 699 1020 ludum
710 969 908 1037 gladiatorium

114 1048 176 1095 erat
186 1041 394 1105 aedificaturus,
410 1040 610 1104 consideravit,
625 1047 652 1093 et
667 1059 699 1094 ex
711 1043 908 1096 consuetudine

115 1116 243 1169 convivio
259 1131 289 1168 se
302 1115 439 1183 frequenti
458 1115 542 1166 dedit.
581 1115 688 1168 Deinde
706 1124 771 1185 post
784 1118 853 1169 solis
865 1133 909 1167 oc-

115 1207 224 1254 casum,
245 1190 327 1241 mulis
342 1207 357 1242 e
371 1191 498 1258 proximo
510 1191 627 1258 pistrino
639 1192 674 1242 ad
684 1189 838 1244 vehiculum
850 1192 909 1242 iun-

116 1267 182 1333 ctis,
199 1267 415 1318 occultissimum
429 1267 483 1318 iter
496 1267 606 1318 modico
623 1268 756 1319 comitatu
769 1269 909 1335 ingressus

116 1347 172 1393 cst:
193 1346 221 1392 et
231 1356 326 1409 quum,
342 1340 491 1393 luminibus
505 1343 660 1407 exstinctis,
682 1343 845 1396 decessisset
854 1343 909 1404 via,

117 1417 168 1468 diu
177 1416 357 1480 errabundus,
367 1415 476 1468 tandem
489 1417 524 1467 ed
535 1416 635 1481 lucem,
648 1417 716 1470 duee
727 1423 849 1486 reperto,
860 1432 911 1485 per

48 1507 55 1518 ¹
118 1491 331 1558 angustissimos
345 1491 468 1544 tramites
482 1492 598 1560 pedibus
613 1493 713 1555 evasit3
735 1498 910 1545 consecutus-

117 1583 172 1635 que
183 1563 312 1618 cohortes
327 1566 362 1617 ad
372 1565 540 1618 Rubiconem
555 1567 668 1633 flumen,
690 1568 738 1635 qui
751 1567 911 1635 provinciae

117 1643 179 1694 eius
189 1641 257 1692 finis·
264 1647 331 1705 erat,
342 1641 465 1708 paullum
476 1643 612 1705 constitit;
633 1657 665 1694 ac
675 1647 814 1710 reputans,
827 1657 911 1710 quan-

115 1723 177 1770 tum
187 1716 345 1780 moliretur,
357 1731 504 1768 conversus
515 1717 549 1767 ad
560 1719 715 1786 proximos,
729 1717 823 1770 Etiam
833 1731 910 1779 ncnc,

115 1792 221 1859 inquit,
242 1791 350 1860 regredi
355 1807 506 1863 postumus:
525 1791 790 1860 ponteposserum
801 1791 912 1846 transie-

115 1867 210 1929 rimus,
221 1865 311 1918 omnio
320 1866 401 1918 armis
411 1867 515 1934 agenda
525 1877 610 1919 erunt.

173 1941 291 1993 xxxu.
304 1941 450 1993 Cunctanti
461 1947 596 1992 ostentum
606 1944 664 1994 tale
673 1941 831 1996 factumest.
845 1943 911 2004 oui-

116 2017 183 2068 dam
193 2017 296 2068 eximia
305 2015 493 2084 magnitudine
504 2021 531 2068 et
540 2016 673 2081 fonnem
684 2017 809 2085 proximo
816 2017 912 2070 sedens

115 2097 231 2160 repente
242 2093 378 2159 apperuit,
392 2092 524 2144 anmdine
535 2107 647 2144 canens:
664 2092 698 2143 ed
710 2109 789 2160 quem
801 2093 912 2144 audien-

117 2169 184 2218 dum
195 2183 278 2234 quum
288 2171 398 2234 praeter
407 2173 534 2235 pastores
548 2169 661 2236 plurimi
674 2169 757 2220 etiam
769 2185 802 2222 ex
813 2171 910 2222 statio-

115 2243 200 2294 nibus
210 2241 313 2293 milites
324 2244 536 2308 concurrissent,
551 2245 676 2312 interqne
687 2261 735 2297 eos
746 2251 773 2297 et
783 2251 910 2298 aeneato-

116 2333 171 2381 res‚
182 2323 264 2384 repta
276 2318 310 2367 ab
320 2332 376 2368 nno
386 2319 454 2370 tuba
465 2319 595 2386 prosiluit
605 2319 640 2370 ed
651 2319 758 2386 flumen,
769 2326 796 2372 et
805 2319 913 2387 ingenti

116 2392 221 2460 spiritu
236 2391 381 2443 classicum
396 2408 523 2458 exorsus,
543 2395 681 2462 pertendit
696 2396 730 2446 ad
746 2395 860 2446 alteram
875 2393 912 2444 ri·

117 2483 193 2535 pam.
212 2467 408 2532 Tuncceesar,
419 2467 517 2532 Ecstor,
528 2471 626 2536 inquit,
633 2485 682 2536 qno
694 2471 800 2520 deorum
811 2473 914 2520 ostenta

116 2551 146 2594 et
154 2539 324 2605 inimicorum
332 2541 461 2609 iniquitas
469 2553 553 2596 noent.
593 2543 814 2596 Joctacleaeeto.

146 2653 152 2666 .
175 2617 305 2668 xxxin.
326 2619 413 2686 Atque
427 2619 468 2668 ita
487 2621 604 2670 traiecto
625 2619 759 2684 exercitu,
782 2615 914 2669 adhibitis

117 2691 241 2744 tribunis
261 2691 363 2760 plebis,
385 2694 433 2760 qui
450 2692 525 2760 pulsi
539 2697 762 2761 supervenerant,
783 2710 833 2760 pro
851 2707 915 2744 con-

119 2769 203 2820 cione
213 2767 296 2818 iidem
307 2768 433 2833 militum,
440 2767 507 2820 ilens
518 2783 550 2820 ac
560 2772 634 2820 veste
646 2783 662 2818 a
671 2773 783 2840 pectore
788 2767 916 2826 discissa,

157 2862 304 2910 Sueuos.
691 2861 710 2906 B
