2036 3022
156 271 206 328 ιιι
436 273 462 323 c.
486 267 675 324 sosrouu
894 269 961 294 ¹

155 405 221 468 tuit,
243 403 309 472 quin
320 417 353 454 ex
363 401 509 454 intervallo
521 399 636 452 subinde
646 397 715 451 iacti
724 399 960 464 reminisceretur,

156 478 360 546 cachinnosque
377 482 528 529 revocaret.
567 476 598 527 iu
617 476 776 543 principatu
796 491 913 545 quoque
933 482 960 527 et

155 555 267 620 scripsit
276 553 436 622 plurimum,
457 557 485 604 et
496 550 605 603 assidue
615 551 743 603 recitavit
752 566 803 616 per
813 551 956 602 lectorem,

50 671 57 684 .
154 629 267 680 Initium
278 635 368 678 autem
380 629 496 693 sumpsit
510 625 643 678 historiae
654 631 718 694 post
729 625 843 676 caedem
856 627 955 678 Caesa·

155 703 194 754 ris
206 703 359 754 dictatoris.
399 700 452 754 Sed
464 707 491 753 et
504 702 615 753 transiit
625 699 660 752 ad
672 699 807 756 inferiora
818 707 954 770 tempora,
1007 703 1008 712 ’

157 773 301 844 coepitque
313 792 329 826 a
339 793 406 844 pace
418 777 505 842 civili,
527 791 610 845 quum
621 777 745 839 sentiret,
766 791 858 844 neque
870 777 955 829 libere

154 867 242 921 neque
252 867 315 904 vere
330 851 385 903 sibi
401 851 434 902 de
449 852 638 918 superioribus
648 849 777 902 tradendi
786 857 955 918 potestatem

155 926 288 991 relictam,
296 931 438 993 correptus
449 943 531 994 saepe
542 933 570 977 et
580 943 596 977 a
606 932 693 978 matre
704 931 731 976 et
742 925 776 976 ab
789 927 863 977 avia.
876 925 954 978 Prio-

154 1002 192 1053 ris
204 1003 336 1054 materiae
347 1001 401 1053 duo
413 1002 566 1065 volumina,
578 1001 741 1070 posterioris
751 1016 838 1052 unum
849 1007 879 1052 et
890 1017 953 1068 qua-

155 1077 283 1146 draginta
292 1077 413 1146 reliquit.
454 1077 617 1144 Composuit
627 1081 654 1128 et
664 1077 694 1127 de
704 1076 759 1127 cita
769 1091 819 1126 ιιια
830 1082 896 1128 octo
907 1091 953 1128 vo·

154 1152 267 1216 lumina,
279 1153 366 1220 magis
376 1153 468 1220 inepte
480 1167 562 1220 quam
572 1151 753 1219 ineleganter:
767 1152 835 1203 item
848 1147 952 1204 Cicero-

154 1227 195 1279 nis
206 1227 380 1298 defensionem
391 1226 513 1278 adversus
523 1225 613 1278 Asinii
623 1226 694 1278 Galli
703 1225 795 1289 libros,
813 1228 885 1278 satis
895 1243 952 1278 eru·

154 1302 250 1353 ditem.
290 1302 384 1354 Novas
395 1302 479 1354 etiam
490 1307 659 1354 commentus
669 1306 711 1352 est
721 1301 816 1352 literas
828 1307 899 1366 tres,
921 1317 952 1352 ac

154 1391 267 1428 numero
277 1383 408 1440 veterum,
420 1373 500 1445 quisi
509 1377 627 1430 maxime
638 1377 817 1440 necessarias,
830 1377 951 1429 addidit:

156 1451 189 1502 de
210 1467 325 1519 quarum
344 1453 453 1503 ratione
474 1469 556 1521 quum
576 1453 700 1520 privatus
721 1450 811 1502 adhuc
825 1452 952 1504 volumen

155 1525 295 1591 edidisset,
306 1541 371 1578 mox
382 1528 508 1593 princeps
519 1542 575 1578 non
586 1527 732 1578 difficulter
743 1527 874 1590 obtinuit,
886 1534 918 1578 ut
926 1526 952 1578 in

155 1617 207 1652 usu
218 1617 327 1670 quoque
338 1602 495 1668 promiscuo
507 1608 605 1653 essent.
630 1601 729 1653 Exstat
738 1602 804 1653 talis
814 1603 953 1670 scriptura

156 1676 184 1726 in
195 1675 335 1744 plerisque
346 1676 425 1726 libris
437 1690 470 1726 ae
481 1676 595 1742 diruuis,
606 1677 750 1746 titulisque
762 1693 889 1744 operum.

210 1749 297 1800 XLii.
318 1749 376 1801 Nee
394 1749 500 1802 minore
520 1767 586 1802 eura
601 1751 709 1804 Graeca
727 1752 821 1803 studia
842 1759 951 1804 secutos

154 1832 209 1888 cst,
241 1840 361 1876 amorem
390 1828 642 1896 praestantiamque
667 1827 777 1894 linguae
803 1829 951 1880 occasione

156 1900 231 1951 onrni
241 1900 391 1967 professus.
432 1901 548 1953 Cuidam
558 1903 692 1966 barbaro,
712 1917 811 1970 graece
828 1908 857 1954 et
868 1902 950 1954 latine

155 1975 311 2042 disserenti,
330 1975 417 2040 Quum
427 1985 550 2043 utroque,
566 1977 668 2044 inquit,
689 1993 805 2029 sermone
816 1987 909 2030 nosue
919 1976 951 2028 sis

150 2061 272 2118 paratus.
312 2051 348 2102 Et
361 2053 390 2103 in
407 2051 623 2103 commendanda
641 2051 765 2118 patribus
787 2053 950 2121 conscriptis

153 2123 271 2188 Achaia,
280 2135 390 2194 gratam
400 2125 632 2193 sibipronincinm,
645 2127 697 2192 ait,
710 2125 889 2178 communium
898 2137 951 2180 rtu-

155 2197 257 2249 diorum
268 2199 429 2252 eoinrnereio.
468 2200 508 2250 Ac
521 2216 603 2268 saepe
618 2202 646 2252 in
664 2208 760 2252 senatu
775 2201 878 2268 legatis
894 2219 952 2270 per-

155 2279 238 2340 petua
254 2275 380 2325 oratione
395 2274 546 2340 respondit.
585 2275 703 2326 Multum
717 2292 783 2327 vero
799 2287 851 2344 pro
866 2279 952 2329 tribu-

156 2347 215 2398 nali
225 2348 307 2398 etiam
318 2347 474 2399 Homericis
485 2348 595 2401 locutus
606 2357 647 2402 est
660 2351 794 2402 versibus.
837 2353 952 2414 Quoties

156 2423 264 2489 quidem
276 2421 383 2474 hostem
392 2423 437 2474 vel
446 2424 637 2476 insidiatorem
647 2425 722 2476 ultus
733 2432 818 2490 esset,
841 2429 951 2478 excubi-

153 2498 210 2548 tori
219 2498 345 2562 tribuno,
366 2498 473 2565 signum
485 2498 518 2550 de
532 2516 609 2552 more
619 2501 756 2567 poscenti,
777 2515 834 2552 nou
849 2507 950 2553 temere

154 2571 229 2622 aliud
240 2571 323 2636 dedit,
335 2589 416 2640 quam

184 2639 269 2711 ‘'sindp'
281 2644 478 2704 ἕπαμύνασθαι,
489 2641 530 2696 ὅτε
540 2665 578 2704 τις
589 2645 717 2717 πρότερος
724 2647 886 2717 χαλεπαίνῃ.

153 2715 279 2784 Denique
289 2726 316 2770 et
327 2721 448 2775 Graecos
458 2725 570 2791 scripsit
583 2723 724 2789 historias,
737 2723 904 2792 Τυῤῥηνικῶν
913 2728 948 2778 vi·

152 2789 231 2854 giuti,
242 2789 445 2859 Καρχηδονικῶι
456 2804 529 2850 octo.
565 2799 686 2864 Quarum
698 2813 781 2853 causa
791 2802 881 2854 veteri
891 2801 947 2856 Ale·
