2036 3022
147 245 197 294 288
423 247 449 290 G.
475 242 664 290 SllETONll

202 367 237 420 ll.
259 367 376 434 Contra,
396 367 489 436 plures
504 372 645 419 auctorem
659 364 768 434 generis
787 367 951 420 libertinum

146 444 348 516 prodiderunt;
368 446 481 496 Cassius
496 443 625 507 Severus,
640 457 692 492 nec
704 442 796 494 minus
808 443 874 510 alii,
886 461 949 497 eun·

148 521 209 572 dem
224 526 252 572 ot
265 525 387 572 sutorem
400 518 676 579 veteramentarium;
698 518 777 568 cuius
796 519 888 586 tilius,
909 537 949 572 se·

148 597 286 648 ctionibus
301 601 329 646 et
344 596 495 662 cognituris
506 595 617 646 uberius
630 593 823 660 compendium
839 602 947 661 nactus,

147 686 181 721 ex
191 670 304 722 muliere
314 670 431 737 vrrlgari,
437 669 566 721 Antiochi
576 667 727 732 cuiusdam,
734 667 892 721 furnariam
903 687 948 722 ex-

147 746 276 808 ercentis,
297 745 369 808 iilia,
391 746 510 814 equitem
529 745 683 796 Romanum
705 746 842 810 genuerit.
894 745 948 798 Sed
1012 745 1013 772 ³

147 819 222 886 quod
233 819 383 887 discrepat
395 819 582 871 sitinmedio.
622 818 790 870 CeterumP.
801 818 947 885 Vitellius,

147 895 229 946 domo
241 893 374 959 Nuceria,
387 896 444 947 sive
454 896 502 946 ille
513 895 608 963 stirpis
620 894 759 962 antiquae,
771 895 830 946 sive
840 895 947 964 puden-

147 969 360 1037 disparentibus
372 977 453 1048 atque
465 971 523 1021 avis
524 984 627 1036 ,eques
638 975 709 1020 certe
714 969 855 1020 Romanus
867 976 896 1021 et
905 987 947 1022 re-

147 1060 207 1096 rum
217 1045 334 1114 Augusti
344 1051 521 1135 procurator,
539 1049 660 1111 quatuor
674 1043 747 1096 filios
759 1045 949 1112 amplissimae

147 1121 300 1187 dignitatis,
307 1121 483 1188 cognomines
494 1135 527 1171 ac
537 1125 643 1170 tantum
654 1121 880 1186 praenominibus
893 1121 949 1171 dis-

146 1195 259 1260 tinctos,
279 1196 405 1264 reliquit,
426 1195 524 1245 Aulum
530 1233 538 1258 ,
560 1194 705 1258 Quintum,
725 1194 869 1260 Publium,
891 1195 949 1246 Lu-

148 1271 229 1321 cium.
259 1270 345 1321 Aulus
355 1271 384 1320 in
395 1269 541 1322 consulatu
551 1269 631 1333 obiit,
644 1285 724 1338 quem
735 1285 795 1322 cum
806 1268 948 1335 Domitio,

147 1344 267 1396 Neronis
278 1346 405 1397 Caesaris
414 1351 506 1414 patre,
517 1347 619 1396 linerat
629 1361 636 1394 ι
656 1344 816 1411 praelautus
828 1345 947 1414 alioqui,

146 1419 325 1486 famosusque
346 1436 493 1473 coenarum
512 1419 726 1486 magnificentia.
765 1420 887 1482 Quintus
902 1437 947 1472 ca-
1012 1443 1013 1450 ι

147 1495 203 1550 ruit
214 1495 319 1561 ordine,
331 1510 414 1562 quum
424 1503 537 1547 auctore
542 1494 655 1546 Tiberio
667 1495 774 1546 secerni
783 1496 875 1546 minus
884 1494 947 1547 ido-

147 1586 215 1623 ueos
236 1576 377 1622 senatores
396 1571 586 1636 removerique
605 1569 765 1636 placuisset.
813 1569 947 1636 Publius,

149 1645 307 1696 Germanici
326 1659 426 1710 comes,
448 1645 497 1696 Cn.
507 1643 638 1696 Pisonem
655 1645 798 1697 inimicum
818 1650 847 1698 et
861 1646 948 1698 inter-

146 1719 279 1771 fectorem
298 1720 357 1770 eius
377 1722 518 1772 accusavit
538 1718 802 1788 condemnauitque3
828 1735 863 1772 ac
881 1727 948 1788 post

145 1800 292 1862 praeturae
303 1793 436 1846 bonorem
449 1797 522 1847 inter
532 1794 627 1846 Seiani
637 1796 764 1846 conscios
780 1801 909 1864 arreptus
918 1803 948 1848 et
1012 1787 1013 1792 ¹

146 1871 175 1922 in
186 1870 341 1923 custodiam
350 1869 432 1922 fratri
442 1870 534 1934 daura,
546 1869 656 1937 scalpro
667 1869 783 1922 librario
793 1885 881 1923 renas
891 1871 947 1923 sibi

146 1945 262 2008 incidit;
282 1961 333 1998 nec
346 1951 403 1997 tam
417 1947 515 1998 mortis
529 1945 714 2013 poenitentia,
729 1960 814 2012 quam
829 1961 947 1998 suorum

148 2021 348 2086 obtestatione,
358 2021 477 2089 obligari
488 2020 632 2086 curarique
643 2034 672 2072 se
682 2035 794 2086 passus,
805 2021 837 2072 iu
848 2022 947 2072 eadem

147 2096 274 2147 crustodra
284 2097 381 2147 morbo
393 2097 485 2162 periit.
523 2092 628 2145 Lucius
638 2109 673 2145 ex
683 2094 832 2147 consulatu
843 2095 946 2164 Syriae
1012 2123 1013 2130 ι

144 2172 331 2237 praepositus,
342 2171 523 2233 Artabanum,
535 2167 700 2221 Parthorum
709 2185 815 2236 regem,
827 2171 946 2222 summis

145 2245 251 2296 artibus
261 2261 318 2297 non
327 2246 411 2297 modo
423 2246 459 2297 ad
470 2244 640 2334 colloquium
650 2259 738 2308 suum,
750 2245 799 2296 sed
810 2247 898 2298 etiam
907 2246 946 2296 ad

143 2321 301 2374 veneranda
308 2320 480 2388 legionum
458 2334 538 2388 signa
547 2319 669 2387 pellexit.
705 2319 775 2370 Mox
786 2335 850 2372 eum
862 2321 946 2375 Glau-

145 2394 191 2446 dio
212 2397 353 2463 principe,
379 2396 449 2448 duos
468 2397 581 2462 insuper
600 2394 758 2446 ordinarios
778 2396 946 2448 consulatus
1012 2405 1013 2414 ¹

145 2484 340 2538 censuramque
360 2471 453 2537 gessit.
493 2469 594 2520 Curam
608 2484 717 2536 quoque
732 2470 946 2536 imperiisusti·

143 2543 216 2607 uuit,
232 2545 343 2596 absente
358 2560 404 2608 co,
419 2543 594 2612 expeditione
608 2543 789 2596 Britannicae
808 2546 943 2597 virinno-

144 2629 207 2666 cens
222 2623 249 2668 et
261 2618 426 2682 industrius,
441 2619 489 2670 sed
504 2633 597 2670 amore
607 2618 753 2670 libertinae
763 2620 942 2687 perinfamis,

87 2739 92 2750 ,
144 2689 221 2739 ouius
241 2693 324 2742 etiam
338 2693 434 2744 salivis
447 2692 526 2744 melle
542 2694 711 2758 commixtis,
725 2708 777 2745 nec
793 2694 869 2748 clam
883 2696 943 2765 qui-
1012 2743 1013 2762 ,

144 2758 204 2812 dam
215 2770 263 2814 aut
272 2779 349 2829 raro,
361 2767 410 2819 sed
420 2767 543 2834 quotidie
555 2783 588 2820 ac
596 2768 702 2838 palam,
714 2769 834 2822 arterias
844 2777 874 2826 et
882 2770 941 2824 fau·
1012 2771 1013 2776 ’
