2026 3020
133 207 166 261 72
410 208 437 256 C.
465 207 650 257 SUETONII

133 335 474 403 tiamqueauspicantibus
488 350 544 386 non
558 334 727 385 tribunatum
743 333 825 386 modo
841 335 927 402 legio·

133 427 209 474 num,
231 410 279 462 sed
295 416 322 462 et
336 409 523 477 praefecturas
539 409 645 460 alarum
660 409 748 460 dedit:
768 425 802 461 ac
816 426 851 462 ne
867 411 926 477 quis

133 502 229 554 expers
241 492 393 537 castrorum
405 491 487 548 esset,
508 485 590 536 binos
600 483 759 552 plerumque
770 485 926 538 laticlauios

132 561 293 629 praeposuit
307 560 422 626 singulis
437 560 498 610 alis.
537 559 668 626 Equittun
682 565 786 611 trrrmas
800 559 925 626 frequen-

74 637 76 642 ’
131 644 174 687 ter
184 635 357 702 recognovit,
373 641 436 701 post
446 635 558 701 longam
567 634 799 702 intercapedinem
810 633 923 686 reducto

131 727 208 762 more
218 710 438 761 transvectionis.
478 709 532 760 Sed
546 725 633 776 neque
643 707 751 760 detrahi
761 725 923 776 quemquam

130 788 159 836 iu
169 783 370 841 transvehendo
387 785 422 835 ab
438 790 599 836 accusatore
609 799 707 851 passus
718 789 767 848 est,
780 785 855 851 quod
867 785 925 835 lieri

131 861 251 923 solebat3
273 865 300 911 et
310 861 387 912 senio
397 857 441 910 vel
452 859 547 926 aliqua
558 859 683 926 corporis
694 859 756 910 labe
769 859 924 926 insignibus

130 936 267 1003 permisit,
288 935 440 1001 praemisso
450 934 480 985 in
491 934 587 985 ordine
602 949 687 1000 equo,
708 933 745 984 ad
758 933 924 1001 responden-

131 1012 207 1074 dum,
229 1011 337 1076 quoties
353 1011 514 1070 citarentur,
535 1009 650 1076 pedibus
664 1009 769 1062 venire:
789 1024 854 1060 mox
865 1009 925 1060 red·

131 1087 214 1136 dendi
228 1086 292 1153 equi
305 1086 423 1152 gratiam
437 1084 505 1136 feeit
517 1077 640 1151 eis,‘qui
654 1084 774 1136 maiores
790 1099 924 1136 annonun

130 1162 249 1228 «pinuque
261 1167 287 1210 et
297 1161 411 1226 triginta
421 1161 539 1211 retinere
549 1175 609 1210 eum
621 1159 734 1210 nollent.

184 1235 313 1286 XXXlX.
333 1235 542 1302 Impetratisque
558 1249 574 1284 a
589 1240 687 1285 senatu
706 1234 799 1286 decem
815 1234 924 1288 adiuto-

128 1312 436 1376 1·ibus,rmumquemqnc
447 1310 569 1377 equitum
579 1309 715 1361 rationem
725 1309 799 1362 vitae
809 1309 924 1362 reddere

130 1385 231 1449 coegit:
253 1389 335 1450 atque
346 1399 379 1435 ex
389 1385 553 1450 improbatis
565 1383 636 1434 alios
647 1399 748 1451 poena,
762 1384 833 1436 alios
844 1384 924 1452 igno·

128 1459 214 1509 minia
224 1460 344 1509 notavit:
364 1459 456 1526 plures
468 1459 668 1524 admonitione,
685 1459 732 1510 sed
742 1461 831 1511 vario.
871 1459 923 1510 Le-

127 1533 270 1584 uissimum
290 1549 375 1600 genus
396 1534 594 1586 admonitionis
614 1533 668 1585 fuit
689 1535 805 1586 traditio
828 1551 922 1586 coram

128 1609 319 1678 pugillarium,
342 1624 410 1675 quos
425 1609 505 1659 taciti
520 1615 547 1659 et
560 1609 662 1661 ibidem
678 1610 770 1660 statim
791 1609 922 1676 legerent.

127 1684 152 1734 N
156 1684 295 1749 oravitque
307 1681 427 1750 aliquos,
444 1683 518 1749 quod
528 1685 658 1750 pecunias
669 1685 819 1736 levioribus
831 1686 924 1737 usuris

127 1759 246 1808 nurtnati
256 1758 383 1823 graviore
394 1757 488 1809 fenore
500 1758 692 1810 collocassent.
1001 1801 1002 1822 ,

177 1831 243 1882 'Xln
265 1832 392 1884 Comitiis
406 1834 574 1899 tribuniciis,
595 1835 621 1884 si
635 1835 760 1886 deessent
780 1835 926 1886 candidati
1001 1829 1002 1842 ¹

128 1913 282 1971 senatores,
304 1923 337 1958 ex
352 1908 489 1976 equitibus
500 1909 632 1960 Romanis
643 1911 758 1961 creavit:
779 1911 820 1961 ita
831 1915 863 1960 ut
873 1927 923 1978 po·
1001 1897 1002 1986 J

126 1988 225 2034 testate
244 1989 384 2037 transacta
401 1985 431 2034 in
450 1990 513 2034 ntro
533 1983 635 2036 vellent
655 1985 751 2035 ordine
771 1992 922 2036 manerent.
1001 1991 1002 2040 l

129 2059 217 2118 Quum
230 2065 320 2110 autem
335 2059 458 2125 plerique
473 2059 606 2125 equitnm,
629 2059 723 2110 attrito
738 2059 819 2110 bellis
835 2061 923 2111 civili·
1001 2047 1002 2068 ¹

126 2133 177 2181 bns
188 2134 369 2197 patrimonio,
391 2140 517 2199 spectare
527 2132 608 2183 ludos
619 2150 634 2184 e
645 2133 855 2201 quatuordecim
866 2151 924 2187 non
1001 2183 1002 2200 ,

127 2205 266 2269 auderent,
278 2212 352 2256 metu
361 2208 467 2272 poenae
477 2205 634 2270 theatralis;
653 2209 855 2275 pronunciavit,
866 2225 926 2262 non
1001 2219 1002 2240 ³

125 2280 215 2330 teneri
225 2283 269 2343 ed,
291 2281 390 2346 quibus
404 2281 473 2347 ipsis
483 2282 677 2347 parentibusue
688 2290 814 2350 equester
825 2301 924 2336 census

125 2370 245 2421 unquam
261 2353 366 2405 fuisset.
405 2355 523 2407 Romani
541 2357 639 2424 populi
652 2373 793 2410 recensum
808 2360 922 2412 vicatim

127 2431 196 2497 egit:
217 2445 250 2480 ac
263 2445 296 2480 ne
310 2429 387 2496 plebs
402 2430 644 2484 frumentationum
657 2448 741 2485 causa
750 2433 923 2502 frequentius

127 2521 143 2554 a
162 2504 282 2571 negotiis
303 2511 478 2570 avocaretur,
497 2512 540 2557 ter
559 2507 588 2557 in
610 2523 709 2558 annum
725 2516 924 2576 quaternorum

125 2581 258 2631 mensium
277 2586 396 2632 tesseras
415 2581 481 2632 dare
500 2581 660 2634 destinavit:
685 2583 734 2634 sed
753 2585 924 2636 desideranti

127 2655 350 2706 consuetudinem
361 2663 478 2708 veterem
491 2658 628 2708 concessit
637 2660 922 2723 narsusutsuicuius-

127 2743 179 2796 que
193 2731 293 2780 mensis
310 2732 454 2798 acciperet.
496 2732 678 2785 comitiorum
698 2747 808 2802 queque
828 2735 922 2801 pristi-
