2036 3022
111 269 160 327 itt
393 275 419 322 c.
442 269 626 324 suuroun

110 399 246 470 regendae
256 398 424 468 reipublicae
435 398 559 468 eligeret,
575 397 666 451 medio
677 395 782 450 Martio
795 411 909 468 campo,
940 461 943 466 ¹

111 475 237 529 adhibita
246 475 419 544 publicorum
430 474 603 527 sacerdotum
613 473 782 540 frequentia,
792 473 910 527 inferias

110 551 216 605 Neroni
227 550 314 602 dedit:
327 566 360 601 ac
370 550 497 602 sollemni
508 549 634 602 convivio
647 548 840 601 citharoedum
851 549 910 618 pla-

111 633 215 679 centem
229 625 319 693 palam
337 625 491 691 admonuit,
507 631 539 676 ut
552 630 579 677 et
593 624 698 691 aliquid
713 623 746 676 de
757 623 910 677 Dominico

112 701 226 763 diceret3
241 698 437 766 inchoantique
447 699 605 752 Neroniana
617 700 733 764 cantica,
745 701 855 766 primus
866 715 911 752 ex·

111 776 217 827 sultans
228 775 311 826 etiam
321 773 433 842 plausit.

167 850 228 900 Xll.
249 848 365 899 Talibus
380 850 524 917 principiis
539 865 665 918 magnam
679 849 791 916 imperii
802 855 910 916 partem

110 941 167 977 non
187 924 242 975 nisi
262 921 380 975 consilio
402 930 429 976 et
443 925 559 976 arbitrio
574 925 703 976 vilissimi
718 925 854 993 utriusque
869 924 910 975 hi·

112 1001 247 1052 strionum
271 1005 298 1050 et
322 999 480 1066 aurigarum
500 999 720 1065 administravit,
740 1006 770 1050 et
787 1001 910 1051 maxime

21 1131 25 1136 .
111 1075 227 1127 Asiatici
240 1073 341 1126 liberti.
380 1073 462 1124 Hunc
476 1073 709 1127 adolescentulum
728 1080 827 1125 mutua
847 1075 910 1125 libi-

113 1149 176 1202 dine
187 1154 402 1220 constupratum,
414 1164 478 1200 mox
487 1149 581 1201 taedio
593 1149 748 1219 profugum,
761 1164 846 1216 quum
855 1149 910 1200 Pu-

112 1225 195 1276 teolis
205 1239 319 1292 poscam
327 1223 486 1275 vendentem
497 1222 728 1291 reprehendisset,
745 1224 867 1275 coniecit
881 1225 910 1274 in
942 1263 949 1275 .

114 1300 271 1366 compedes,
286 1299 433 1366 statimque
447 1297 542 1363 solvit,
559 1305 586 1351 et
595 1315 690 1350 rursus
699 1299 729 1349 in
741 1298 850 1350 deliciis
861 1297 910 1349 ha·
1007 1352 1013 1358 ,Ἴ

111 1375 190 1426 buit:
212 1375 312 1424 iterum
328 1373 425 1424 deinde
440 1373 475 1425 ob
489 1373 602 1425 nimiam
618 1373 820 1426 contumaciam
831 1379 859 1425 et
867 1375 908 1424 ni·

111 1449 195 1500 miam
210 1447 381 1499 ferocitatem
396 1454 539 1515 gravatus,
556 1448 773 1500 circumforaneo
789 1448 908 1500 lanistae

111 1521 247 1587 vendidit,
263 1522 432 1590 dilatumque
448 1523 483 1572 ad
497 1523 578 1575 finem
592 1524 711 1576 muneris
725 1529 839 1592 repente
849 1539 907 1576 sur-

112 1599 209 1664 ripuit,
225 1597 410 1663 et'provincia
425 1596 532 1649 demum
548 1604 660 1666 accepta
674 1599 854 1650 manumisit:
876 1615 908 1650 ac

111 1673 201 1740 primo
216 1671 326 1738 imperii
340 1671 385 1722 die
400 1672 490 1723 astreis
505 1673 619 1725 donarit
632 1673 740 1724 annulis
751 1689 835 1742 super
846 1690 906 1726 coe-

111 1761 188 1810 nam,
209 1750 291 1812 quum
311 1762 403 1811 mane,
423 1749 585 1814 rogantibus
605 1765 656 1816 pro
677 1765 710 1800 eo
726 1749 847 1814 cunetis,
862 1749 906 1801 de-

111 1826 229 1872 testatus
253 1826 324 1872 esset
347 1821 518 1874 severissime
540 1822 624 1876 talem
645 1823 779 1894 equestris
800 1825 907 1876 ordinis

112 1895 257 1947 maculam.
735 1903 736 1906 ’

168 1971 242 2023 xlll.
264 1970 318 2023 Sed
340 1971 385 2024 vel
407 1972 553 2039 praecipue
573 1973 699 2025 luxuriae
719 1973 907 2041 saeuitiaeque

113 2047 230 2110 deditus,
241 2046 336 2114 epulas
346 2046 482 2098 trifariam
494 2063 606 2115 semper,
617 2048 753 2100 interdum
766 2049 907 2116 quadrila-

111 2122 183 2172 riam
193 2120 380 2187 dispertiebat,
391 2122 420 2173 in
430 2123 577 2187 ientacula,
589 2129 616 2174 et
625 2123 751 2192 prandia,
757 2129 785 2175 et
796 2139 907 2187 coenas,

113 2195 376 2264 comissationesque
388 2213 395 2258 ;
409 2195 497 2248 'facile
512 2199 638 2250 omnibus
653 2199 804 2264 sufficiens,
819 2200 908 2250 vomi-

111 2270 191 2321 tandi
205 2270 410 2322 consuetudine.
448 2270 591 2323 indicebat
606 2279 695 2325 autem
710 2273 786 2325 alind
801 2273 852 2324 alii
863 2289 907 2324 ea-

113 2345 174 2397 dem
186 2345 230 2396 die
241 2362 248 2396 ε
267 2360 318 2396 nec
329 2345 455 2413 cuiquam
466 2347 555 2397 minus
566 2349 669 2416 singuli
679 2354 829 2417 apparatus
841 2365 909 2416 qua·

113 2419 252 2489 dringenis
262 2419 384 2470 millibus
394 2419 532 2471 nummrim
544 2424 732 2476 constiterunt.
765 2421 910 2475 Famosis-

113 2494 184 2545 sima
198 2510 280 2561 super
295 2501 399 2546 ceteras
412 2495 467 2546 fuit
481 2512 567 2548 coena
587 2499 614 2550 ei
634 2498 699 2550 data
720 2498 877 2550 adventicia
893 2513 911 2550 a

112 2565 210 2633 fratre,
225 2570 255 2620 in
270 2585 324 2636 qua
338 2569 392 2620 duo
404 2570 493 2623 millia
503 2571 714 2626 lectissimorum
724 2574 855 2642 piscium,
867 2589 910 2626 se-

113 2647 187 2706 ptem
198 2644 300 2707 avium,
316 2645 445 2710 apposita
454 2645 609 2699 traduntur.
648 2649 729 2700 Hanc
739 2664 851 2719 quoque
862 2663 911 2700 ex·

113 2717 253 2779 superavit
265 2718 325 2782 ipse
336 2718 508 2771 dedicatione
518 2723 630 2790 patinae
635 2763 643 2789 ,
656 2739 736 2792 quam
749 2725 784 2775 ob
795 2725 911 2775 immen-

113 2799 171 2837 sam
189 2791 403 2856 magnitudinem
422 2794 531 2864 elipeum
549 2794 686 2851 Minervae
703 2793 849 2862 πολιούχου
869 2799 911 2851 di.
