2036 3022
163 237 214 290 244
439 239 465 286 C.
494 239 679 288 SUETONII

165 367 215 430 cit,
237 366 422 434 quamprimo
441 363 647 427 hauritorium,
668 378 746 428 mox,
766 363 896 418 incendio
912 365 957 418 ab·

164 449 300 510 sumptam
320 442 540 510 restitutamque,
561 441 678 492 Auream
696 440 859 490 nominavit.
916 439 957 493 De

66 550 70 560 ,
166 517 243 568 cuius
273 518 363 586 spatio
385 523 466 585 atque
488 518 564 568 cultu
588 515 728 567 suffecerit
747 513 801 566 hoc
820 516 955 568 retulisse.

163 591 336 661 Vestibulum
348 593 407 642 eius
416 591 482 655 fnit,
498 593 528 642 in
539 608 592 659 quo
604 591 729 661 colossus
741 597 849 641 centum
860 592 956 658 viginti

162 668 263 736 pedum
273 673 358 718 staret
367 667 455 734 ipsius
466 668 569 734 effigie3
585 673 661 717 tanta
671 665 782 729 laxitas,
792 673 824 716 ut
833 667 955 733 porticus

162 743 285 810 triplices
310 742 455 793 milliarias
480 740 609 804 haberet3
638 741 703 792 item
724 747 853 807 stagnum
873 742 955 792 maris
1002 771 1003 802 y

162 817 263 882 instar,
276 819 486 885 circumseptum
497 817 631 873 aedificiis
645 816 681 868 ad
693 816 803 867 urbium
819 817 954 884 speciem3

162 907 228 944 rura
243 893 355 960 insuper
369 893 442 944 arvis
458 899 539 961 atque
553 893 652 943 vinetis
662 898 689 943 et
698 891 809 959 pascuis
825 891 956 962 silvisque

72 1007 78 1016 .
160 968 253 1032 varia,
275 984 336 1020 cum
355 967 529 1019 multitudine
544 968 633 1020 omnis
652 966 759 1034 generis
774 967 912 1034 pecudum
926 981 956 1016 ac

162 1041 291 1094 ferarum.
331 1043 361 1094 ln
377 1043 473 1095 ceteris
487 1044 611 1109 partibus
627 1049 725 1093 cuneta
739 1055 807 1093 auro
822 1041 888 1106 lita,
904 1042 956 1092 dis-

161 1118 250 1169 tincta
263 1121 377 1185 gemmis
391 1119 577 1186 unionumque
593 1116 705 1168 conchis
720 1122 807 1167 erant.
853 1117 955 1169 Coena-

161 1193 252 1245 tiones
276 1194 421 1260 laqueatae
440 1194 544 1244 tabulis
565 1193 691 1245 eburneis
710 1192 903 1256 versatilibus,
927 1196 956 1242 ut

161 1267 256 1332 flores,
274 1269 416 1333 fistularis,
432 1275 462 1318 ut
475 1275 614 1336 unguenta
625 1269 741 1334 desuper
752 1274 954 1334 spargerentur.

161 1341 315 1410 Praecipua
327 1345 518 1395 coenationum
529 1343 661 1407 rotunda,
674 1357 744 1410 quac
754 1349 889 1409 perpetuo
901 1342 955 1393 dic·

161 1417 213 1467 bus
234 1434 267 1470 ac
286 1420 413 1470 noctibus
428 1419 487 1470 vice
507 1419 602 1471 mundi
616 1419 866 1485 circumageretur:
886 1415 955 1468 bali-
1000 1447 1001 1452 =

161 1507 230 1544 neae
250 1493 364 1544 marinis
385 1501 412 1545 et
431 1494 538 1544 Albulis
552 1495 666 1544 fluentes
681 1493 769 1559 aquis.
809 1491 956 1544 Eiusmodi

162 1567 274 1618 domum
294 1585 376 1636 quum
397 1568 552 1618 absolutam
568 1567 720 1632 dedicaret,
735 1565 869 1620 hactenus
884 1583 956 1620 eom-

161 1643 303 1710 probavit,
318 1650 349 1693 ut
359 1659 385 1692 se
397 1643 499 1694 diceret
509 1642 586 1709 quasi
595 1642 724 1694 ronam
735 1643 842 1694 tandem
852 1641 956 1694 dabita-

161 1733 190 1768 re
200 1717 320 1784 coepisse.
360 1716 506 1769 Praeterea
515 1717 664 1770 inchoabat
674 1719 808 1784 piscinam
820 1733 837 1768 a
847 1718 956 1770 Miseno

141 1787 142 1791 ’
162 1792 197 1842 ad
212 1793 347 1858 Avernum
362 1793 465 1858 lacum,
487 1799 653 1858 contectam,
669 1793 878 1861 porticibusque
894 1809 957 1844 con·
1002 1797 1003 1850 l

162 1868 279 1932 clusam,
295 1884 363 1935 quo,
379 1868 510 1938 quicquid
525 1870 591 1920 totis
609 1868 687 1919 Baiis
703 1867 858 1918 calidarum
873 1881 957 1936 aqna·
1002 1851 1003 1906 l

160 1950 317 2009 comesset,
329 1945 555 1995 committeretur:
569 1943 674 1995 fossam
686 1944 720 1994 ab
731 1943 837 1994 Averno
850 1943 958 1994 Ostiam

160 2036 260 2091 usque,
280 2026 312 2070 ut
331 2020 461 2084 navibus,
482 2035 533 2070 nec
551 2025 643 2070 tamen
661 2019 751 2082 mari,
771 2018 879 2084 iretur,
900 2018 959 2070 lon·

161 2097 294 2163 gitudinis
313 2110 362 2162 per
382 2103 490 2147 centurn
504 2095 648 2162 sexaginta
665 2093 766 2158 millia,
786 2093 959 2156 latitudinis,

162 2187 217 2238 qua
237 2171 392 2223 contrariae
413 2171 620 2238 quinqueremes
641 2171 833 2221 commearent.
885 2168 960 2230 Quo-

161 2262 221 2298 rum
242 2262 356 2314 operum
375 2245 604 2314 perficiendorum
624 2246 733 2314 gratia,
760 2245 835 2314 quod
856 2244 961 2313 ubique

162 2329 234 2375 esset
244 2321 399 2386 custodiae,
420 2323 450 2372 in
464 2321 573 2373 ltaliam
585 2321 738 2387 deportari,
760 2319 845 2370 etiarn
855 2319 962 2370 scelere
1002 2319 1003 2322 ’

162 2400 304 2450 convictos
323 2414 379 2449 non
399 2398 453 2447 nisi
473 2395 508 2446 ad
530 2413 599 2464 opus
614 2396 752 2459 damnari,
767 2399 960 2462 praeceperat.

161 2474 203 2523 ml
217 2473 289 2524 hunc
302 2471 503 2538 impendiorum
517 2471 651 2536 furorem,
665 2487 748 2538 snper
762 2469 894 2522 fiduciam
908 2470 961 2519 irn-

161 2550 245 2614 perii,
260 2550 344 2600 etiarn
364 2563 413 2614 spe
428 2547 548 2615 quadem
562 2548 705 2614 repentina
719 2546 920 2596 inimensarum
935 2548 963 2594 ct

160 2623 364 2674 reconditarum
380 2637 463 2689 opum
476 2622 611 2690 impulsus
626 2628 679 2686 est,
696 2636 730 2673 ex
738 2619 844 2672 indicio
856 2619 961 2689 equitis

160 2694 292 2761 Romani,
312 2701 362 2762 pro
379 2703 519 2766 comperto
535 2697 705 2764 pollicentis,
724 2693 873 2746 thesauros
889 2694 959 2746 anti·

162 2771 309 2838 qrrissimae
323 2786 422 2838 gazae,
438 2781 507 2844 qnos
516 2771 591 2825 Dido
603 2773 697 2842 ragina
707 2769 815 2841 fugiens
825 2769 908 2840 Tyro
918 2785 960 2820 se·
