2026 3020
119 259 152 317 sl
329 291 333 300 ι
398 265 424 310 c.
450 255 637 312 suaroun

120 405 164 442 ces
175 390 375 454 exorabilibus,
391 390 467 441 solus
478 405 643 457 magnopere
655 385 808 452 contendit,
824 385 916 444 necui

118 470 288 533 parceretur:
308 467 525 534 proscripsitque
540 466 623 516 etiam
635 465 664 514 C.
677 465 829 515 Toraniruu
839 469 915 515 tuto-

118 555 175 590 rem
185 555 272 605 sirum,
285 541 453 608 eundemque
465 540 599 606 collegam
610 539 697 607 patris
709 540 753 590 sui
764 539 874 589 Octavii
884 539 914 588 in

119 615 269 666 aedilitate.
308 615 402 666 lunius
418 615 581 670 Saturninus
602 613 654 665 boc
675 614 792 681 amplius
811 613 912 663 tradit:

118 705 196 754 quum
206 699 318 756 peracta
328 689 520 756 proscriptione
535 687 573 739 M.
589 689 704 756 Lepidus
718 688 747 740 iu
760 697 854 739 serrutu
869 704 913 738 ex-

118 764 399 830 cuscssctprueteritu‚
416 774 443 816 et
452 781 521 830 spem
532 764 683 816 clcrrreutiue
693 761 912 832 inposteruruse·

118 839 206 899 risset,
223 836 346 904 qnoniam
357 839 421 889 sutis
427 855 573 906 poenorum
584 847 799 899 exactum-essem
819 837 889 890 durae
899 854 914 887 e

118 913 217 963 diuerso
223 912 381 981 professum,
393 913 432 964 itu
443 915 546 964 rrsoduru
556 930 582 964 se
589 912 771 980 proscribendi
779 912 911 974 statuisse,

117 997 148 1038 ut
158 987 245 1038 niuniu
255 987 306 1038 sibi
314 988 451 1054 reliquerit
460 988 550 1039 libero.
590 989 620 1038 ln
635 989 713 1038 curius
727 993 819 1038 tannen
829 988 913 1056 perti-
928 1048 932 1054 .

116 1063 214 1114 naciae
228 1064 425 1131 poenitentium
441 1069 537 1131 postea
548 1065 581 1114 Τ.
593 1062 706 1112 Vinium
721 1061 913 1130 Philopoeme-

117 1154 188 1202 nem,
201 1138 275 1206 quud
285 1145 431 1205 patronum
442 1155 520 1189 suum
535 1139 719 1206 proscr'mtum
731 1137 834 1188 celasse
847 1137 914 1188 olim

118 1213 268 1275 diceretur,
290 1214 411 1280 equestri
427 1214 560 1280 dignitato
577 1213 726 1264 decorarit.
765 1213 796 1262 In
817 1212 913 1264 eadem

118 1287 170 1337 hac
184 1293 321 1354 potestate
336 1285 484 1355 nudtiplici
497 1287 625 1354 flagravit
642 1287 755 1338 invidia.
795 1286 866 1337 Nam
888 1295 916 1337 ct

117 1361 258 1412 Pinarium
265 1400 272 1424 ,
285 1363 403 1428 equitem
413 1361 581 1426 Romanum,
598 1377 681 1430 quum
692 1362 874 1414 concionante
885 1378 915 1413 sc

118 1437 240 1486 admissa
249 1437 332 1486 turba
342 1451 511 1504 paganormn
524 1437 597 1504 apud
611 1437 724 1502 milites,
741 1437 915 1488 subscribere

119 1511 253 1579 quaedam
265 1511 511 1576 animadvertisset,
518 1513 655 1563 curiosum
668 1529 701 1564 ac
711 1513 915 1580 speculatorem

118 1593 207 1650 ratus,
224 1602 317 1637 coram
333 1587 446 1638 confodi
459 1588 617 1656 imperavit:
639 1593 666 1638 et
680 1587 797 1638 Tedium
807 1587 914 1652 Afrum,

119 1661 258 1712 consulem
274 1661 458 1728 designatum,
479 1663 545 1729 quia
559 1661 663 1712 factum
678 1662 816 1730 quoddam
834 1678 914 1714 suum

119 1736 240 1801 maligno
254 1751 378 1787 sermone
390 1738 547 1805 carpsisset,
563 1737 648 1787 tantis
659 1739 811 1788 conterruit
820 1739 914 1802 minis,

118 1816 150 1860 ut
159 1811 183 1859 is
195 1825 223 1860 sc
234 1811 465 1879 praecipitaverit.
504 1812 541 1863 Et
552 1811 584 1872 Q.
598 1811 733 1876 Gallium,
748 1807 914 1880 praetdrem,

119 1885 147 1934 in
164 1884 255 1936 olllcio
271 1886 447 1938 salutationis
462 1887 580 1938 tabellas
596 1887 717 1955 duplices
731 1893 807 1939 reste
826 1894 916 1940 tectas

118 1967 267 2025 tenentem,
289 1962 443 2031 suspicatus
462 1963 585 2030 gladium
607 1962 744 2024 occulere,
768 1978 820 2013 nec
840 1964 917 2030 quic-

120 2051 202 2104 quam
213 2037 319 2101 statim,
340 2053 375 2088 ne
386 2038 461 2088 aliud
472 2039 651 2099 inveniretur,
672 2053 755 2088 ausus
765 2039 916 2106 inquirere,

119 2111 214 2177 paullo
230 2117 294 2178 post
308 2127 357 2180 per
372 2113 545 2163 centuriones
561 2118 588 2162 ct
602 2112 704 2164 milites
718 2117 828 2180 raptum
841 2129 855 2163 e
866 2114 916 2162 tri-

119 2185 223 2247 bunali,
236 2185 360 2236 servilem
371 2188 399 2235 in
410 2187 521 2236 modum
532 2187 626 2236 torsit:
648 2202 680 2236 ac
694 2187 824 2238 latentem
835 2186 915 2250 nihil,

119 2259 201 2308 iussit
221 2258 324 2323 occidi,
345 2261 421 2326 prius
443 2260 530 2310 oculis
545 2261 604 2311 eius
619 2277 670 2310 sua
688 2277 771 2312 rrrauu
791 2261 916 2312 effossis:

121 2349 200 2400 quem
211 2339 302 2382 tamen
313 2335 409 2384 scribit
424 2335 564 2402 colloquio
581 2337 667 2402 petito
678 2337 838 2386 insidiatum
851 2337 915 2399 sibi,

121 2408 328 2476 coniectumque
339 2424 356 2457 a
366 2425 394 2458 sc
408 2409 436 2458 iu
453 2411 619 2473 aristodium,
640 2411 738 2461 deiude
749 2410 821 2462 Urbe
831 2411 916 2460 inter-

121 2483 196 2532 dicta
206 2483 347 2533 dimissum
354 2521 361 2547 ,
377 2483 522 2550 naufragio
533 2485 575 2535 vel
587 2485 724 2535 latronum
734 2485 844 2535 insidiis
855 2500 915 2553 per-

120 2558 196 2609 iisse.
235 2558 425 2610 Tribuniciam
439 2565 603 2626 potestatem
617 2565 776 2627 perpetuam
797 2561 914 2628 recepit:

120 2631 149 2681 in
166 2648 220 2700 qua
234 2634 318 2686 semel
333 2641 415 2702 atque
428 2635 527 2685 itenrm
542 2651 590 2702 per
604 2634 713 2700 singula
729 2635 816 2685 lustra
831 2634 916 2686 colle-

120 2719 184 2770 gam
204 2708 259 2758 sibl
278 2711 428 2776 cooptavit.
467 2709 580 2778 Recepit
599 2716 626 2760 et
644 2725 750 2760 morum
769 2710 916 2776 legumque

121 2780 241 2850 regimen
252 2797 338 2850 aeque
347 2791 520 2854 perpetuum:
542 2801 595 2853 quo
607 2786 674 2850 iure,
687 2799 843 2855 quanquam
855 2785 916 2839 aino
