2050 3034
222 227 482 274 ocrAt'lANb's.
519 229 731 274 catat-et.
830 231 880 280 107

72 350 241 419 praesensit.
283 349 439 401 contractis
454 350 492 404 ad
500 350 658 402 Bononiam
671 352 878 407 triumvirorum

73 426 182 493 copiis,
193 424 291 493 aquila
300 426 422 476 tentorio
433 424 493 477 eius
504 425 686 494 supersedens
698 426 769 479 duos
781 443 879 482 corvos

71 499 140 551 binc
155 499 263 552 atinde
276 498 439 552 infestantes
454 499 554 550 afflixit
568 507 595 551 et
610 499 647 551 ad
665 506 768 552 terram
790 501 878 566 dedit3

65 579 192 627 notante
202 575 280 626 omni
289 575 420 638 exercitu,
431 574 552 625 futuram
563 575 730 644 quandoque
737 577 812 630 inter
823 578 879 629 col-

70 651 152 718 legas
164 649 335 701 discordiam
345 649 441 712 talem,
458 649 549 717 qualis
560 656 655 702 secuta
666 657 719 715 est,
731 667 764 703 ac
775 652 878 703 exitum

69 723 278 792 praesagiente.
306 722 444 791 Philippis
454 721 605 775 Thessalus
616 724 729 794 quidam
739 727 773 778 de
783 726 878 778 ianua

69 801 196 852 rimoria
215 799 370 862 nunciavit,
392 804 506 849 auctore
520 798 555 849 D.
572 800 703 866 Caesare,
726 802 803 852 ciuus
822 803 878 853 sibi

70 874 183 941 species
191 873 293 925 itinere
304 874 367 924 avio
379 873 560 939 occurrisset..
588 875 668 926 Circa
678 874 821 928 Perusiam
833 893 876 928 sa-

72 948 184 1002 erilicio
195 963 254 1000 uon
263 947 373 1011 litante,
386 962 470 1016 qutun
481 949 577 1014 augeri
586 946 693 1000 hostias
703 951 875 1016 irnperasset,

72 1039 109 1074 ac
119 1023 216 1074 subita
229 1022 373 1089 eruptione
387 1020 481 1073 hostes
497 1037 605 1072 onlnem
619 1024 662 1072 rei
671 1023 781 1074 divinae
793 1040 876 1092 appa-

71 1104 167 1156 ratum
178 1097 370 1161 abstulissent,
393 1096 519 1147 constitit
528 1095 601 1146 inter
611 1094 783 1165 hartrspices,
805 1113 876 1166 quae

70 1171 236 1240 periculosa
251 1178 279 1222 ct
293 1171 408 1222 adversa
419 1170 589 1221 sacrificanti
599 1170 765 1223 denunciata
776 1179 876 1236 essent,
963 1173 970 1188 ⁶

71 1247 304 1312 eunctaiuipsos
313 1259 457 1309 recasura,
470 1246 517 1312 qui
527 1249 591 1295 exta
601 1243 741 1298 haberent.
780 1245 877 1314 Neque

71 1322 158 1373 aliter
168 1322 269 1372 evenit.
293 1319 387 1370 Pridie
398 1335 481 1388 quam
492 1319 663 1371 Siciliensem
674 1335 795 1388 pugnam
806 1320 876 1372 clas-

70 1413 103 1448 se
114 1396 312 1458 committeret,
335 1393 524 1445 deambulanti
537 1395 567 1444 in
581 1395 663 1446 litore
677 1396 763 1464 piscis
778 1397 875 1448 emari

70 1471 201 1533 exsiluit,
224 1475 251 1521 et
265 1469 301 1518 ad
314 1469 397 1536 pedes
413 1469 509 1528 iacuit.
548 1469 626 1535 Apud
640 1470 748 1523 Actium
764 1471 874 1524 descen·

70 1545 193 1596 dentiiu
203 1546 289 1595 aciem
301 1543 402 1594 asellus
414 1559 475 1594 cum
486 1544 608 1594 asinario
621 1545 754 1596 occurrit:
770 1544 876 1596 homini

71 1616 234 1685 Eutychus,
254 1618 361 1670 bestiae
380 1617 471 1670 Nicon
495 1624 555 1670 erat
573 1634 681 1670 nomeu.
724 1618 875 1687 Utriusque

72 1693 254 1746 simulacrum
265 1709 380 1746 aeneum
389 1694 480 1744 victor
489 1693 584 1760 posuit
592 1695 621 1744 in
631 1693 748 1762 templo,
759 1694 789 1745 iu
800 1695 874 1763 quod

73 1775 231 1820 casuorum
242 1784 355 1820 suorum
367 1767 457 1820 locum
468 1769 559 1818 vertit.

131 1842 245 1894 xcvn,
264 1843 343 1894 Mors
354 1857 464 1911 quoque
475 1842 544 1904 eius,
556 1841 589 1892 de
600 1858 655 1910 qua
666 1840 764 1893 debinc
774 1843 875 1906 dicam,

72 1919 263 1986 divinitasque
287 1924 352 1986 post
375 1923 493 1968 mortem
521 1915 734 1966 evidentissimis
760 1918 876 1966 ostentis

71 1993 257 2062 praecognita
277 1998 327 2043 est.
368 1992 458 2053 Quum
477 1989 593 2040 lustrum
614 1990 644 2040 in
659 2003 756 2056 eampo
771 1989 876 2039 Martio

73 2083 178 2136 magna
187 2067 287 2136 populi
295 2066 450 2135 frequentia
467 2063 609 2128 conderet,
632 2063 802 2132 aquilarum
818 2079 877 2114 sae-

72 2144 138 2210 pius
154 2142 378 2203 circumvolavit3
401 2147 629 2208 transgressaque
648 2139 678 2189 in
697 2138 816 2189 vicinam
833 2153 877 2188 ae-

73 2218 145 2282 deru,
157 2233 241 2286 super
249 2216 492 2282 nomendgrippae
503 2215 539 2264 ad
549 2216 666 2282 primam
677 2213 785 2266 literam
795 2214 877 2267 sedit.

75 2292 138 2353 Quo
150 2292 359 2354 animadverso,
374 2291 454 2354 vbta,
470 2304 540 2358 quac
554 2290 584 2340 in
593 2290 749 2356 proximum
760 2290 877 2340 lustrum

73 2367 181 2434 suscipi
189 2381 252 2418 mos
262 2371 316 2429 cst,
329 2365 462 2431 collegam
474 2380 553 2414 suum
564 2365 707 2415 Tiberium
717 2377 877 2429 nuncupare

72 2442 169 2504 iussit3
199 2456 264 2491 uam
284 2456 328 2504 se,
354 2453 512 2508 quanquam
532 2440 696 2506 conscriptis
716 2437 878 2505 paratisque

72 2518 131 2568 iam
140 2515 257 2580 tabulis,
268 2515 381 2582 negavit
390 2518 590 2579 susceptunmr,
602 2527 672 2578 quae
683 2527 739 2563 non
750 2517 823 2562 esset
832 2525 878 2560 so·

73 2591 193 2642 laturus.
234 2589 290 2642 Sub
301 2590 375 2641 idem
388 2594 496 2654 tempus
509 2588 570 2637 ictu
582 2585 707 2636 fulminis
727 2598 762 2635 ex
779 2583 878 2633 inscri-

72 2667 170 2734 ptione
182 2671 292 2716 stabiae
303 2665 362 2716 cius
373 2663 464 2731 prima
473 2660 593 2710 nominis
605 2658 687 2708 litera
697 2655 810 2708 effluxit.
826 2656 879 2706 Re·

72 2756 208 2808 sponsum
225 2745 280 2804 est,
301 2744 410 2791 centum
425 2736 503 2787 solos
518 2733 576 2783 dies
595 2729 713 2798 posthac
731 2731 879 2792 viotruum,
