<?xml version="1.0" encoding="UTF-8"?>
<!DOCTYPE html PUBLIC "-//W3C//DTD XHTML 1.0 Transitional//EN"
    "http://www.w3.org/TR/xhtml1/DTD/xhtml1-transitional.dtd">
<html xmlns="http://www.w3.org/1999/xhtml" xml:lang="en" lang="en">
 <head>
  <title>
</title>
<meta http-equiv="Content-Type" content="text/html;charset=utf-8" />
  <meta name='ocr-system' content='tesseract 3.04.00' />
  <meta name='ocr-capabilities' content='ocr_page ocr_carea ocr_par ocr_line ocrx_word'/>
</head>
<body>
  <div class='ocr_page' id='page_1' title='image "./csuetoniitranqu05suetgoog_0329.png"; bbox 0 0 2044 3028; ppageno 0'>
   <div class='ocr_carea' id='block_1_1' title="bbox 293 271 861 329">
    <p class='ocr_par' dir='ltr' id='par_1_1' title="bbox 293 271 861 329">
     <span class='ocr_line' id='line_1_1' title="bbox 293 271 861 329; baseline 0.016 -9"><span class='ocrx_word' id='word_1_1' title='bbox 293 271 417 322; x_wconf 74' lang='lat' dir='ltr'>TITUS.</span> <span class='ocrx_word' id='word_1_2' title='bbox 454 275 531 322; x_wconf 82' lang='lat' dir='ltr'><strong>GAP·</strong></span> <span class='ocrx_word' id='word_1_3' title='bbox 551 277 632 323; x_wconf 83' lang='grc'><strong>6-8.</strong></span> <span class='ocrx_word' id='word_1_4' title='bbox 811 275 861 329; x_wconf 77' lang='grc'>319</span> 
     </span>
    </p>
   </div>
   <div class='ocr_carea' id='block_1_2' title="bbox 13 395 862 1743">
    <p class='ocr_par' dir='ltr' id='par_1_2' title="bbox 13 395 862 1140">
     <span class='ocr_line' id='line_1_2' title="bbox 66 395 861 471; baseline 0.008 -22"><span class='ocrx_word' id='word_1_5' title='bbox 66 397 152 450; x_wconf 86' lang='lat' dir='ltr'>modo</span> <span class='ocrx_word' id='word_1_6' title='bbox 162 395 257 450; x_wconf 78' lang='lat' dir='ltr'>fovere</span> <span class='ocrx_word' id='word_1_7' title='bbox 267 399 412 466; x_wconf 82' lang='lat' dir='ltr'>prolixius,</span> <span class='ocrx_word' id='word_1_8' title='bbox 418 399 466 451; x_wconf 92' lang='lat' dir='ltr'>sed</span> <span class='ocrx_word' id='word_1_9' title='bbox 478 407 602 469; x_wconf 83' lang='lat' dir='ltr'>spectare</span> <span class='ocrx_word' id='word_1_10' title='bbox 612 403 723 454; x_wconf 89' lang='lat' dir='ltr'>omnino</span> <span class='ocrx_word' id='word_1_11' title='bbox 734 403 763 454; x_wconf 90' lang='lat' dir='ltr'>in</span> <span class='ocrx_word' id='word_1_12' title='bbox 772 404 861 471; x_wconf 90' lang='lat' dir='ltr'>publi-</span> 
     </span>
     <span class='ocr_line' id='line_1_3' title="bbox 66 471 860 546; baseline 0.009 -22"><span class='ocrx_word' id='word_1_13' title='bbox 66 490 98 524; x_wconf 90' lang='lat' dir='ltr'>co</span> <span class='ocrx_word' id='word_1_14' title='bbox 112 471 222 542; x_wconf 89' lang='lat' dir='ltr'>[coetu]</span> <span class='ocrx_word' id='word_1_15' title='bbox 235 475 397 540; x_wconf 79' lang='lat' dir='ltr'><strong>supersedit.</strong></span> <span class='ocrx_word' id='word_1_16' title='bbox 436 476 512 527; x_wconf 88' lang='lat' dir='ltr'>Nulli</span> <span class='ocrx_word' id='word_1_17' title='bbox 527 477 626 528; x_wconf 87' lang='lat' dir='ltr'>civium</span> <span class='ocrx_word' id='word_1_18' title='bbox 642 479 787 546; x_wconf 85' lang='lat' dir='ltr'>quiequam</span> <span class='ocrx_word' id='word_1_19' title='bbox 798 478 860 531; x_wconf 85' lang='lat' dir='ltr'>ade-</span> 
     </span>
     <span class='ocr_line' id='line_1_4' title="bbox 66 548 860 620; baseline 0.008 -22"><span class='ocrx_word' id='word_1_20' title='bbox 66 550 127 599; x_wconf 85' lang='lat' dir='ltr'><strong>mit:</strong></span> <span class='ocrx_word' id='word_1_21' title='bbox 150 549 284 600; x_wconf 83' lang='lat' dir='ltr'>abstinuit</span> <span class='ocrx_word' id='word_1_22' title='bbox 294 548 383 601; x_wconf 87' lang='lat' dir='ltr'>alieno</span> <span class='ocrx_word' id='word_1_23' title='bbox 389 590 398 615; x_wconf 90' lang='lat'>‚</span> <span class='ocrx_word' id='word_1_24' title='bbox 408 559 440 603; x_wconf 91' lang='lat' dir='ltr'>ut</span> <span class='ocrx_word' id='word_1_25' title='bbox 450 552 474 602; x_wconf 90' lang='lat' dir='ltr'>si</span> <span class='ocrx_word' id='word_1_26' title='bbox 485 553 546 619; x_wconf 86' lang='lat' dir='ltr'>quis</span> <span class='ocrx_word' id='word_1_27' title='bbox 556 569 688 620; x_wconf 88' lang='lat' dir='ltr'>unquam:</span> <span class='ocrx_word' id='word_1_28' title='bbox 710 569 743 604; x_wconf 88' lang='lat' dir='ltr'>ac</span> <span class='ocrx_word' id='word_1_29' title='bbox 752 570 786 604; x_wconf 91' lang='lat' dir='ltr'>ne</span> <span class='ocrx_word' id='word_1_30' title='bbox 798 570 860 607; x_wconf 92' lang='lat' dir='ltr'>con-</span> 
     </span>
     <span class='ocr_line' id='line_1_5' title="bbox 68 623 862 695; baseline 0.004 -21"><span class='ocrx_word' id='word_1_31' title='bbox 68 639 160 675; x_wconf 83' lang='lat' dir='ltr'>cessas</span> <span class='ocrx_word' id='word_1_32' title='bbox 181 623 291 689; x_wconf 89' lang='lat' dir='ltr'>quidem</span> <span class='ocrx_word' id='word_1_33' title='bbox 312 640 345 675; x_wconf 87' lang='lat' dir='ltr'>ac</span> <span class='ocrx_word' id='word_1_34' title='bbox 364 627 462 678; x_wconf 86' lang='lat' dir='ltr'>solitas</span> <span class='ocrx_word' id='word_1_35' title='bbox 483 628 646 680; x_wconf 81' lang='lat' dir='ltr'>collationes</span> <span class='ocrx_word' id='word_1_36' title='bbox 671 630 782 695; x_wconf 87' lang='lat' dir='ltr'>recepit.</span> <span class='ocrx_word' id='word_1_37' title='bbox 825 629 862 678; x_wconf 87' lang='lat' dir='ltr'>Et</span> 
     </span>
     <span class='ocr_line' id='line_1_6' title="bbox 66 698 860 771; baseline 0.005 -22"><span class='ocrx_word' id='word_1_38' title='bbox 66 705 160 750; x_wconf 88' lang='lat' dir='ltr'>tamen</span> <span class='ocrx_word' id='word_1_39' title='bbox 173 698 280 748; x_wconf 89' lang='lat' dir='ltr'>nemine</span> <span class='ocrx_word' id='word_1_40' title='bbox 295 705 357 750; x_wconf 88' lang='lat' dir='ltr'>ante</span> <span class='ocrx_word' id='word_1_41' title='bbox 372 717 401 752; x_wconf 89' lang='lat' dir='ltr'>se</span> <span class='ocrx_word' id='word_1_42' title='bbox 414 703 600 754; x_wconf 87' lang='lat' dir='ltr'>munificentia</span> <span class='ocrx_word' id='word_1_43' title='bbox 613 705 712 756; x_wconf 76' lang='lat' dir='ltr'>mitior.</span> <span class='ocrx_word' id='word_1_44' title='bbox 750 702 860 771; x_wconf 81' lang='lat' dir='ltr'>Amphi-</span> 
     </span>
     <span class='ocr_line' id='line_1_7' title="bbox 65 772 859 843; baseline 0.008 -19"><span class='ocrx_word' id='word_1_45' title='bbox 65 773 175 824; x_wconf 74' lang='lat' dir='ltr'>theatro</span> <span class='ocrx_word' id='word_1_46' title='bbox 188 772 328 838; x_wconf 89' lang='lat' dir='ltr'>dedicato,</span> <span class='ocrx_word' id='word_1_47' title='bbox 348 773 514 843; x_wconf 77' lang='lat' dir='ltr'><strong>thermisque</strong></span> <span class='ocrx_word' id='word_1_48' title='bbox 528 779 607 829; x_wconf 86' lang='lat' dir='ltr'>iuxta</span> <span class='ocrx_word' id='word_1_49' title='bbox 620 780 745 831; x_wconf 77' lang='lat' dir='ltr'>celeriter</span> <span class='ocrx_word' id='word_1_50' title='bbox 755 786 859 830; x_wconf 82' lang='lat' dir='ltr'>exstru-</span> 
     </span>
     <span class='ocr_line' id='line_1_8' title="bbox 68 849 859 922; baseline 0.008 -25"><span class='ocrx_word' id='word_1_51' title='bbox 68 849 131 912; x_wconf 90' lang='lat' dir='ltr'>ctis,</span> <span class='ocrx_word' id='word_1_52' title='bbox 153 863 251 898; x_wconf 89' lang='lat' dir='ltr'>munus</span> <span class='ocrx_word' id='word_1_53' title='bbox 266 849 352 899; x_wconf 86' lang='lat' dir='ltr'>edidit</span> <span class='ocrx_word' id='word_1_54' title='bbox 362 851 602 918; x_wconf 85' lang='lat' dir='ltr'>apparatissimum</span> <span class='ocrx_word' id='word_1_55' title='bbox 612 854 859 922; x_wconf 77' lang='lat' dir='ltr'>longissimumque.</span> 
     </span>
     <span class='ocr_line' id='line_1_9' title="bbox 67 923 859 992; baseline 0.005 -18"><span class='ocrx_word' id='word_1_56' title='bbox 67 923 154 974; x_wconf 86' lang='lat' dir='ltr'>Dedit</span> <span class='ocrx_word' id='word_1_57' title='bbox 166 929 194 973; x_wconf 90' lang='lat' dir='ltr'>et</span> <span class='ocrx_word' id='word_1_58' title='bbox 207 923 304 974; x_wconf 88' lang='lat' dir='ltr'>navale</span> <span class='ocrx_word' id='word_1_59' title='bbox 318 924 452 990; x_wconf 89' lang='lat' dir='ltr'>proelium</span> <span class='ocrx_word' id='word_1_60' title='bbox 468 927 497 976; x_wconf 89' lang='lat' dir='ltr'>in</span> <span class='ocrx_word' id='word_1_61' title='bbox 511 929 597 978; x_wconf 86' lang='lat' dir='ltr'>veteri</span> <span class='ocrx_word' id='word_1_62' title='bbox 611 928 788 992; x_wconf 84' lang='lat' dir='ltr'>naumachia;</span> <span class='ocrx_word' id='word_1_63' title='bbox 808 929 859 978; x_wconf 90' lang='lat' dir='ltr'>ibi-</span> 
     </span>
     <span class='ocr_line' id='line_1_10' title="bbox 68 997 860 1070; baseline 0.005 -22"><span class='ocrx_word' id='word_1_64' title='bbox 68 998 129 1052; x_wconf 85' lang='lat' dir='ltr'>dem</span> <span class='ocrx_word' id='word_1_65' title='bbox 144 1003 172 1048; x_wconf 90' lang='lat' dir='ltr'>et</span> <span class='ocrx_word' id='word_1_66' title='bbox 184 997 368 1064; x_wconf 61' lang='lat' dir='ltr'>gladiatorem</span> <span class='ocrx_word' id='word_1_67' title='bbox 393 1006 474 1068; x_wconf 88' lang='lat' dir='ltr'>atque</span> <span class='ocrx_word' id='word_1_68' title='bbox 491 1017 546 1052; x_wconf 89' lang='lat' dir='ltr'>nno</span> <span class='ocrx_word' id='word_1_69' title='bbox 569 1002 612 1052; x_wconf 93' lang='lat' dir='ltr'>die</span> <span class='ocrx_word' id='word_1_70' title='bbox 633 1003 752 1070; x_wconf 89' lang='lat' dir='ltr'>quinque</span> <span class='ocrx_word' id='word_1_71' title='bbox 772 1003 860 1053; x_wconf 87' lang='lat' dir='ltr'>millia</span> 
     </span>
     <span class='ocr_line' id='line_1_11' title="bbox 13 1071 382 1140; baseline 0.003 -16"><span class='ocrx_word' id='word_1_72' title='bbox 13 1133 14 1136; x_wconf 8' lang='grc' dir='ltr'><strong>Ἴ</strong></span> <span class='ocrx_word' id='word_1_73' title='bbox 69 1089 148 1124; x_wconf 90' lang='lat' dir='ltr'>omne</span> <span class='ocrx_word' id='word_1_74' title='bbox 158 1087 243 1140; x_wconf 83' lang='lat' dir='ltr'>genus</span> <span class='ocrx_word' id='word_1_75' title='bbox 253 1071 382 1125; x_wconf 87' lang='lat' dir='ltr'>ferarum.</span> 
     </span>
    </p>

    <p class='ocr_par' dir='ltr' id='par_1_3' title="bbox 13 1146 860 1743">
     <span class='ocr_line' id='line_1_12' title="bbox 120 1146 858 1220; baseline 0.004 -21"><span class='ocrx_word' id='word_1_76' title='bbox 120 1146 197 1199; x_wconf 87' lang='lat' dir='ltr'>Vlll.</span> <span class='ocrx_word' id='word_1_77' title='bbox 217 1147 324 1200; x_wconf 84' lang='lat' dir='ltr'>Natura</span> <span class='ocrx_word' id='word_1_78' title='bbox 334 1156 425 1201; x_wconf 85' lang='lat' dir='ltr'>autem</span> <span class='ocrx_word' id='word_1_79' title='bbox 434 1151 720 1216; x_wconf 85' lang='lat' dir='ltr'>benevolentissimus,</span> <span class='ocrx_word' id='word_1_80' title='bbox 733 1167 815 1220; x_wconf 87' lang='lat' dir='ltr'>quum</span> <span class='ocrx_word' id='word_1_81' title='bbox 826 1167 858 1202; x_wconf 77' lang='lat' dir='ltr'>ex</span> 
     </span>
     <span class='ocr_line' id='line_1_13' title="bbox 65 1224 860 1291; baseline 0.004 -17"><span class='ocrx_word' id='word_1_82' title='bbox 65 1225 193 1274; x_wconf 89' lang='lat' dir='ltr'>instituto</span> <span class='ocrx_word' id='word_1_83' title='bbox 206 1224 313 1274; x_wconf 90' lang='lat' dir='ltr'>Tiberii</span> <span class='ocrx_word' id='word_1_84' title='bbox 323 1241 416 1276; x_wconf 88' lang='lat' dir='ltr'>omnes</span> <span class='ocrx_word' id='word_1_85' title='bbox 426 1225 524 1280; x_wconf 88' lang='lat' dir='ltr'>dehine</span> <span class='ocrx_word' id='word_1_86' title='bbox 535 1226 666 1278; x_wconf 79' lang='lat' dir='ltr'>Caesares</span> <span class='ocrx_word' id='word_1_87' title='bbox 675 1227 809 1278; x_wconf 87' lang='lat' dir='ltr'>beneficia</span> <span class='ocrx_word' id='word_1_88' title='bbox 813 1265 821 1291; x_wconf 88' lang='lat'><em>‚</em></span> <span class='ocrx_word' id='word_1_89' title='bbox 843 1243 860 1277; x_wconf 86' lang='lat' dir='ltr'>a</span> 
     </span>
     <span class='ocr_line' id='line_1_14' title="bbox 66 1299 859 1370; baseline 0.003 -20"><span class='ocrx_word' id='word_1_90' title='bbox 66 1299 255 1366; x_wconf 83' lang='lat' dir='ltr'>superloribus</span> <span class='ocrx_word' id='word_1_91' title='bbox 267 1315 398 1352; x_wconf 89' lang='lat' dir='ltr'>concessa</span> <span class='ocrx_word' id='word_1_92' title='bbox 407 1301 589 1368; x_wconf 86' lang='lat' dir='ltr'>principibus,</span> <span class='ocrx_word' id='word_1_93' title='bbox 611 1301 692 1353; x_wconf 90' lang='lat' dir='ltr'>aliter</span> <span class='ocrx_word' id='word_1_94' title='bbox 704 1300 792 1370; x_wconf 86' lang='lat' dir='ltr'>[rata]</span> <span class='ocrx_word' id='word_1_95' title='bbox 803 1318 859 1352; x_wconf 89' lang='lat' dir='ltr'>non</span> 
     </span>
     <span class='ocr_line' id='line_1_15' title="bbox 13 1371 858 1443; baseline 0.004 -19"><span class='ocrx_word' id='word_1_96' title='bbox 13 1423 14 1440; x_wconf 22' lang='lat' dir='ltr'>p</span> <span class='ocrx_word' id='word_1_97' title='bbox 67 1371 210 1438; x_wconf 86' lang='lat' dir='ltr'>haberent,</span> <span class='ocrx_word' id='word_1_98' title='bbox 233 1389 314 1441; x_wconf 87' lang='lat' dir='ltr'>quam</span> <span class='ocrx_word' id='word_1_99' title='bbox 329 1375 354 1425; x_wconf 90' lang='lat' dir='ltr'>si</span> <span class='ocrx_word' id='word_1_100' title='bbox 368 1376 462 1427; x_wconf 85' lang='lat' dir='ltr'>eadem</span> <span class='ocrx_word' id='word_1_101' title='bbox 477 1377 574 1428; x_wconf 87' lang='lat' dir='ltr'>iisdem</span> <span class='ocrx_word' id='word_1_102' title='bbox 590 1383 618 1427; x_wconf 90' lang='lat' dir='ltr'>et</span> <span class='ocrx_word' id='word_1_103' title='bbox 636 1377 692 1443; x_wconf 92' lang='lat' dir='ltr'>ipsi</span> <span class='ocrx_word' id='word_1_104' title='bbox 711 1377 858 1440; x_wconf 82' lang='lat' dir='ltr'>dedissent,</span> 
     </span>
     <span class='ocr_line' id='line_1_16' title="bbox 13 1449 859 1520; baseline 0.001 -20"><span class='ocrx_word' id='word_1_105' title='bbox 13 1469 15 1520; x_wconf 47' lang='grc' dir='ltr'>ζ</span> <span class='ocrx_word' id='word_1_106' title='bbox 65 1451 172 1516; x_wconf 88' lang='lat' dir='ltr'>primus</span> <span class='ocrx_word' id='word_1_107' title='bbox 182 1449 435 1514; x_wconf 81' lang='lat' dir='ltr'>praeteritaomnia</span> <span class='ocrx_word' id='word_1_108' title='bbox 444 1467 499 1503; x_wconf 87' lang='lat' dir='ltr'>uno</span> <span class='ocrx_word' id='word_1_109' title='bbox 511 1453 684 1502; x_wconf 83' lang='lat' dir='ltr'>confirmarit</span> <span class='ocrx_word' id='word_1_110' title='bbox 694 1453 784 1503; x_wconf 90' lang='lat' dir='ltr'>edicto</span> <span class='ocrx_word' id='word_1_111' title='bbox 790 1489 798 1514; x_wconf 85' lang='lat'>,</span> <span class='ocrx_word' id='word_1_112' title='bbox 809 1467 859 1502; x_wconf 91' lang='lat' dir='ltr'>nec</span> 
     </span>
     <span class='ocr_line' id='line_1_17' title="bbox 67 1522 859 1590; baseline 0.003 -16"><span class='ocrx_word' id='word_1_113' title='bbox 67 1541 83 1574; x_wconf 90' lang='lat' dir='ltr'>a</span> <span class='ocrx_word' id='word_1_114' title='bbox 97 1541 126 1575; x_wconf 88' lang='lat' dir='ltr'>se</span> <span class='ocrx_word' id='word_1_115' title='bbox 142 1525 201 1590; x_wconf 89' lang='lat' dir='ltr'>peti</span> <span class='ocrx_word' id='word_1_116' title='bbox 214 1540 312 1590; x_wconf 89' lang='lat' dir='ltr'>passus</span> <span class='ocrx_word' id='word_1_117' title='bbox 327 1531 376 1576; x_wconf 88' lang='lat' dir='ltr'>est.</span> <span class='ocrx_word' id='word_1_118' title='bbox 415 1525 445 1577; x_wconf 89' lang='lat' dir='ltr'>ln</span> <span class='ocrx_word' id='word_1_119' title='bbox 461 1527 558 1578; x_wconf 87' lang='lat' dir='ltr'>ceteris</span> <span class='ocrx_word' id='word_1_120' title='bbox 571 1542 636 1577; x_wconf 89' lang='lat' dir='ltr'>vero</span> <span class='ocrx_word' id='word_1_121' title='bbox 652 1526 795 1578; x_wconf 87' lang='lat' dir='ltr'>desideriis</span> <span class='ocrx_word' id='word_1_122' title='bbox 811 1522 859 1576; x_wconf 87' lang='lat' dir='ltr'>ho·</span> 
     </span>
     <span class='ocr_line' id='line_1_18' title="bbox 65 1599 858 1669; baseline 0 -19"><span class='ocrx_word' id='word_1_123' title='bbox 65 1601 169 1650; x_wconf 88' lang='lat' dir='ltr'>minum</span> <span class='ocrx_word' id='word_1_124' title='bbox 185 1599 400 1652; x_wconf 81' lang='lat' dir='ltr'>obstinatissime</span> <span class='ocrx_word' id='word_1_125' title='bbox 415 1603 514 1665; x_wconf 89' lang='lat' dir='ltr'>tenuit,</span> <span class='ocrx_word' id='word_1_126' title='bbox 535 1618 569 1652; x_wconf 89' lang='lat' dir='ltr'>ne</span> <span class='ocrx_word' id='word_1_127' title='bbox 586 1617 664 1669; x_wconf 90' lang='lat' dir='ltr'>quem</span> <span class='ocrx_word' id='word_1_128' title='bbox 680 1601 738 1652; x_wconf 90' lang='lat' dir='ltr'>sine</span> <span class='ocrx_word' id='word_1_129' title='bbox 756 1617 804 1668; x_wconf 88' lang='lat' dir='ltr'>spe</span> <span class='ocrx_word' id='word_1_130' title='bbox 819 1601 858 1650; x_wconf 91' lang='lat' dir='ltr'>di-</span> 
     </span>
     <span class='ocr_line' id='line_1_19' title="bbox 64 1675 860 1743; baseline 0.003 -19"><span class='ocrx_word' id='word_1_131' title='bbox 64 1675 195 1725; x_wconf 86' lang='lat' dir='ltr'>mitteret.</span> <span class='ocrx_word' id='word_1_132' title='bbox 236 1675 307 1734; x_wconf 79' lang='lat' dir='ltr'>Quin</span> <span class='ocrx_word' id='word_1_133' title='bbox 322 1681 349 1726; x_wconf 92' lang='lat' dir='ltr'>et</span> <span class='ocrx_word' id='word_1_134' title='bbox 364 1675 572 1728; x_wconf 82' lang='lat' dir='ltr'>admonentibus</span> <span class='ocrx_word' id='word_1_135' title='bbox 587 1677 758 1740; x_wconf 85' lang='lat' dir='ltr'>domesticis,</span> <span class='ocrx_word' id='word_1_136' title='bbox 780 1677 860 1743; x_wconf 90' lang='lat' dir='ltr'>quasi</span> 
     </span>
    </p>
   </div>
   <div class='ocr_carea' id='block_1_3' title="bbox 63 1748 954 1818">
    <p class='ocr_par' dir='ltr' id='par_1_4' title="bbox 63 1748 954 1818">
     <span class='ocr_line' id='line_1_20' title="bbox 63 1748 954 1818; baseline 0.004 -20"><span class='ocrx_word' id='word_1_137' title='bbox 63 1750 147 1816; x_wconf 88' lang='lat' dir='ltr'>plura</span> <span class='ocrx_word' id='word_1_138' title='bbox 157 1748 342 1816; x_wconf 83' lang='lat' dir='ltr'>polliceretur,</span> <span class='ocrx_word' id='word_1_139' title='bbox 353 1765 434 1817; x_wconf 89' lang='lat' dir='ltr'>quam</span> <span class='ocrx_word' id='word_1_140' title='bbox 444 1757 584 1817; x_wconf 80' lang='lat' dir='ltr'>praestare</span> <span class='ocrx_word' id='word_1_141' title='bbox 595 1758 700 1818; x_wconf 85' lang='lat' dir='ltr'>posset:</span> <span class='ocrx_word' id='word_1_142' title='bbox 720 1769 772 1802; x_wconf 82' lang='lat' dir='ltr'>aon</span> <span class='ocrx_word' id='word_1_143' title='bbox 783 1767 858 1817; x_wconf 86' lang='lat' dir='ltr'>opor·</span> <span class='ocrx_word' id='word_1_144' title='bbox 953 1776 954 1782; x_wconf 61' lang='lat'><em>=</em></span> 
     </span>
    </p>
   </div>
   <div class='ocr_carea' id='block_1_4' title="bbox 13 1825 861 2875">
    <p class='ocr_par' dir='ltr' id='par_1_5' title="bbox 13 1825 858 1967">
     <span class='ocr_line' id='line_1_21' title="bbox 13 1825 858 1892; baseline 0.002 -18"><span class='ocrx_word' id='word_1_145' title='bbox 13 1865 15 1888; x_wconf 78' lang='lat'><strong><em>;</em></strong></span> <span class='ocrx_word' id='word_1_146' title='bbox 65 1834 134 1888; x_wconf 81' lang='lat' dir='ltr'>tere,</span> <span class='ocrx_word' id='word_1_147' title='bbox 147 1825 198 1887; x_wconf 85' lang='lat' dir='ltr'>ait,</span> <span class='ocrx_word' id='word_1_148' title='bbox 210 1839 365 1891; x_wconf 82' lang='lat' dir='ltr'>quemquam</span> <span class='ocrx_word' id='word_1_149' title='bbox 375 1841 392 1875; x_wconf 84' lang='lat' dir='ltr'><strong><em>a</em></strong></span> <span class='ocrx_word' id='word_1_150' title='bbox 402 1841 517 1876; x_wconf 74' lang='lat' dir='ltr'>sermone</span> <span class='ocrx_word' id='word_1_151' title='bbox 523 1825 654 1892; x_wconf 71' lang='lat' dir='ltr'>princepis</span> <span class='ocrx_word' id='word_1_152' title='bbox 665 1825 766 1876; x_wconf 80' lang='lat' dir='ltr'>tristem</span> <span class='ocrx_word' id='word_1_153' title='bbox 777 1826 858 1876; x_wconf 81' lang='lat' dir='ltr'>disce·</span> 
     </span>
     <span class='ocr_line' id='line_1_22' title="bbox 13 1889 858 1967; baseline 0.001 -18"><span class='ocrx_word' id='word_1_154' title='bbox 13 1889 14 1920; x_wconf 58' lang='lat'><em>³</em></span> <span class='ocrx_word' id='word_1_155' title='bbox 65 1901 135 1950; x_wconf 80' lang='lat' dir='ltr'>dere.</span> <span class='ocrx_word' id='word_1_156' title='bbox 175 1899 209 1949; x_wconf 84' lang='lat' dir='ltr'>At</span> <span class='ocrx_word' id='word_1_157' title='bbox 228 1915 262 1950; x_wconf 90' lang='lat' dir='ltr'>ue</span> <span class='ocrx_word' id='word_1_158' title='bbox 278 1901 361 1951; x_wconf 83' lang='lat' dir='ltr'>etiam</span> <span class='ocrx_word' id='word_1_159' title='bbox 375 1900 535 1952; x_wconf 85' lang='lat' dir='ltr'>recordatus</span> <span class='ocrx_word' id='word_1_160' title='bbox 550 1900 687 1966; x_wconf 88' lang='lat' dir='ltr'>quondam</span> <span class='ocrx_word' id='word_1_161' title='bbox 702 1915 783 1967; x_wconf 87' lang='lat' dir='ltr'>super</span> <span class='ocrx_word' id='word_1_162' title='bbox 798 1915 858 1951; x_wconf 87' lang='lat' dir='ltr'>coe-</span> 
     </span>
    </p>

    <p class='ocr_par' dir='ltr' id='par_1_6' title="bbox 62 1916 861 2875">
     <span class='ocr_line' id='line_1_23' title="bbox 63 1916 859 2043; baseline 0 -19"><span class='ocrx_word' id='word_1_163' title='bbox 63 1989 142 2038; x_wconf 89' lang='lat' dir='ltr'>nam,</span> <span class='ocrx_word' id='word_1_164' title='bbox 164 1916 238 2042; x_wconf 55' lang='lat' dir='ltr'>qudi</span> <span class='ocrx_word' id='word_1_165' title='bbox 248 1972 318 2024; x_wconf 88' lang='lat' dir='ltr'>nihil</span> <span class='ocrx_word' id='word_1_166' title='bbox 328 1975 454 2043; x_wconf 90' lang='lat' dir='ltr'>cuiquam</span> <span class='ocrx_word' id='word_1_167' title='bbox 464 1980 525 2025; x_wconf 91' lang='lat' dir='ltr'>toto</span> <span class='ocrx_word' id='word_1_168' title='bbox 536 1971 581 2025; x_wconf 91' lang='lat' dir='ltr'>die</span> <span class='ocrx_word' id='word_1_169' title='bbox 591 1975 784 2040; x_wconf 83' lang='lat' dir='ltr'>praestitisset,</span> <span class='ocrx_word' id='word_1_170' title='bbox 804 1990 859 2024; x_wconf 89' lang='lat' dir='ltr'>me-</span> 
     </span>
     <span class='ocr_line' id='line_1_24' title="bbox 64 2047 858 2116; baseline 0.001 -17"><span class='ocrx_word' id='word_1_171' title='bbox 64 2049 230 2100; x_wconf 88' lang='lat' dir='ltr'>morabilem</span> <span class='ocrx_word' id='word_1_172' title='bbox 244 2049 322 2100; x_wconf 86' lang='lat' dir='ltr'>illam</span> <span class='ocrx_word' id='word_1_173' title='bbox 336 2051 489 2116; x_wconf 89' lang='lat' dir='ltr'>meritoque</span> <span class='ocrx_word' id='word_1_174' title='bbox 503 2049 643 2100; x_wconf 80' lang='lat' dir='ltr'>laudatam</span> <span class='ocrx_word' id='word_1_175' title='bbox 654 2065 748 2100; x_wconf 90' lang='lat' dir='ltr'>vocem</span> <span class='ocrx_word' id='word_1_176' title='bbox 760 2047 858 2100; x_wconf 85' lang='lat' dir='ltr'>edidit:</span> 
     </span>
     <span class='ocr_line' id='line_1_25' title="bbox 65 2122 858 2192; baseline 0 -18"><span class='ocrx_word' id='word_1_177' title='bbox 65 2122 166 2186; x_wconf 82' lang='lat' dir='ltr'>Amici,</span> <span class='ocrx_word' id='word_1_178' title='bbox 185 2124 254 2175; x_wconf 83' lang='lat' dir='ltr'>diem</span> <span class='ocrx_word' id='word_1_179' title='bbox 259 2124 373 2192; x_wconf 82' lang='lat' dir='ltr'>perdidi.</span> <span class='ocrx_word' id='word_1_180' title='bbox 412 2125 548 2192; x_wconf 88' lang='lat' dir='ltr'>Populum</span> <span class='ocrx_word' id='word_1_181' title='bbox 558 2125 588 2177; x_wconf 87' lang='lat' dir='ltr'>iu</span> <span class='ocrx_word' id='word_1_182' title='bbox 598 2126 693 2192; x_wconf 86' lang='lat' dir='ltr'>primis</span> <span class='ocrx_word' id='word_1_183' title='bbox 703 2125 858 2175; x_wconf 87' lang='lat' dir='ltr'>universum</span> 
     </span>
     <span class='ocr_line' id='line_1_26' title="bbox 64 2199 860 2267; baseline -0.001 -17"><span class='ocrx_word' id='word_1_184' title='bbox 64 2206 145 2250; x_wconf 89' lang='lat' dir='ltr'>tanta</span> <span class='ocrx_word' id='word_1_185' title='bbox 159 2215 207 2267; x_wconf 91' lang='lat' dir='ltr'>per</span> <span class='ocrx_word' id='word_1_186' title='bbox 229 2215 321 2250; x_wconf 91' lang='lat' dir='ltr'>omnes</span> <span class='ocrx_word' id='word_1_187' title='bbox 343 2200 502 2252; x_wconf 87' lang='lat' dir='ltr'>occasiones</span> <span class='ocrx_word' id='word_1_188' title='bbox 519 2201 647 2251; x_wconf 87' lang='lat' dir='ltr'>comitate</span> <span class='ocrx_word' id='word_1_189' title='bbox 666 2199 808 2264; x_wconf 84' lang='lat' dir='ltr'>tractavit,</span> <span class='ocrx_word' id='word_1_190' title='bbox 828 2206 860 2250; x_wconf 87' lang='lat' dir='ltr'>ut</span> 
     </span>
     <span class='ocr_line' id='line_1_27' title="bbox 64 2274 861 2345; baseline -0.003 -20"><span class='ocrx_word' id='word_1_191' title='bbox 64 2275 212 2345; x_wconf 87' lang='lat' dir='ltr'>proposito</span> <span class='ocrx_word' id='word_1_192' title='bbox 224 2274 393 2341; x_wconf 81' lang='lat' dir='ltr'>gladiatorio</span> <span class='ocrx_word' id='word_1_193' title='bbox 408 2291 531 2338; x_wconf 88' lang='lat' dir='ltr'>munere,</span> <span class='ocrx_word' id='word_1_194' title='bbox 552 2291 603 2326; x_wconf 84' lang='lat' dir='ltr'>noo</span> <span class='ocrx_word' id='word_1_195' title='bbox 614 2275 650 2326; x_wconf 84' lang='lat' dir='ltr'>od</span> <span class='ocrx_word' id='word_1_196' title='bbox 658 2291 745 2339; x_wconf 82' lang='lat' dir='ltr'>mum,</span> <span class='ocrx_word' id='word_1_197' title='bbox 766 2275 811 2326; x_wconf 82' lang='lat' dir='ltr'>sed</span> <span class='ocrx_word' id='word_1_198' title='bbox 825 2275 861 2324; x_wconf 85' lang='lat' dir='ltr'>od</span> 
     </span>
     <span class='ocr_line' id='line_1_28' title="bbox 63 2349 860 2418; baseline -0.001 -19"><span class='ocrx_word' id='word_1_199' title='bbox 63 2349 240 2416; x_wconf 78' lang='lat' dir='ltr'>spectantium</span> <span class='ocrx_word' id='word_1_200' title='bbox 250 2349 391 2401; x_wconf 79' lang='lat' dir='ltr'>arbitrium</span> <span class='ocrx_word' id='word_1_201' title='bbox 401 2349 531 2401; x_wconf 82' lang='lat' dir='ltr'>editumtm</span> <span class='ocrx_word' id='word_1_202' title='bbox 541 2367 576 2412; x_wconf 75' lang='lat' dir='ltr'>se,</span> <span class='ocrx_word' id='word_1_203' title='bbox 588 2350 729 2418; x_wconf 77' lang='lat' dir='ltr'>professus</span> <span class='ocrx_word' id='word_1_204' title='bbox 740 2349 784 2399; x_wconf 90' lang='lat' dir='ltr'>sit.</span> <span class='ocrx_word' id='word_1_205' title='bbox 824 2349 860 2399; x_wconf 91' lang='lat' dir='ltr'>Et</span> 
     </span>
     <span class='ocr_line' id='line_1_29' title="bbox 62 2423 858 2493; baseline 0 -20"><span class='ocrx_word' id='word_1_206' title='bbox 62 2425 147 2490; x_wconf 87' lang='lat' dir='ltr'>plane</span> <span class='ocrx_word' id='word_1_207' title='bbox 161 2425 203 2473; x_wconf 88' lang='lat' dir='ltr'>ita</span> <span class='ocrx_word' id='word_1_208' title='bbox 218 2423 292 2475; x_wconf 85' lang='lat' dir='ltr'>lecit.</span> <span class='ocrx_word' id='word_1_209' title='bbox 332 2425 403 2476; x_wconf 91' lang='lat' dir='ltr'>Nam</span> <span class='ocrx_word' id='word_1_210' title='bbox 417 2441 503 2492; x_wconf 87' lang='lat' dir='ltr'>neque</span> <span class='ocrx_word' id='word_1_211' title='bbox 517 2427 628 2492; x_wconf 80' lang='lat' dir='ltr'>negavit</span> <span class='ocrx_word' id='word_1_212' title='bbox 648 2427 793 2492; x_wconf 84' lang='lat' dir='ltr'>quicquam</span> <span class='ocrx_word' id='word_1_213' title='bbox 814 2441 858 2493; x_wconf 91' lang='lat' dir='ltr'>pe-</span> 
     </span>
     <span class='ocr_line' id='line_1_30' title="bbox 62 2496 859 2568; baseline -0.004 -17"><span class='ocrx_word' id='word_1_214' title='bbox 62 2500 195 2562; x_wconf 87' lang='lat' dir='ltr'>tentibus,</span> <span class='ocrx_word' id='word_1_215' title='bbox 208 2505 235 2551; x_wconf 90' lang='lat' dir='ltr'>et</span> <span class='ocrx_word' id='word_1_216' title='bbox 243 2506 287 2563; x_wconf 85' lang='lat' dir='ltr'>ut,</span> <span class='ocrx_word' id='word_1_217' title='bbox 299 2516 370 2568; x_wconf 88' lang='lat' dir='ltr'>quae</span> <span class='ocrx_word' id='word_1_218' title='bbox 378 2499 487 2564; x_wconf 84' lang='lat' dir='ltr'>vellent,</span> <span class='ocrx_word' id='word_1_219' title='bbox 498 2506 633 2568; x_wconf 87' lang='lat' dir='ltr'>peterent,</span> <span class='ocrx_word' id='word_1_220' title='bbox 644 2500 717 2550; x_wconf 88' lang='lat' dir='ltr'>ultro</span> <span class='ocrx_word' id='word_1_221' title='bbox 731 2496 859 2549; x_wconf 86' lang='lat' dir='ltr'>adhorta-</span> 
     </span>
     <span class='ocr_line' id='line_1_31' title="bbox 62 2573 859 2642; baseline -0.001 -15"><span class='ocrx_word' id='word_1_222' title='bbox 62 2582 110 2627; x_wconf 87' lang='lat' dir='ltr'>tus</span> <span class='ocrx_word' id='word_1_223' title='bbox 121 2578 172 2627; x_wconf 86' lang='lat' dir='ltr'>est.</span> <span class='ocrx_word' id='word_1_224' title='bbox 213 2575 285 2634; x_wconf 76' lang='lat' dir='ltr'>Quin</span> <span class='ocrx_word' id='word_1_225' title='bbox 300 2585 328 2626; x_wconf 90' lang='lat' dir='ltr'>et</span> <span class='ocrx_word' id='word_1_226' title='bbox 341 2575 461 2627; x_wconf 90' lang='lat' dir='ltr'>studium</span> <span class='ocrx_word' id='word_1_227' title='bbox 476 2582 630 2626; x_wconf 85' lang='lat' dir='ltr'>armaturae</span> <span class='ocrx_word' id='word_1_228' title='bbox 640 2573 778 2624; x_wconf 86' lang='lat' dir='ltr'>Thracum</span> <span class='ocrx_word' id='word_1_229' title='bbox 793 2590 859 2642; x_wconf 88' lang='lat' dir='ltr'>prae</span> 
     </span>
     <span class='ocr_line' id='line_1_32' title="bbox 63 2648 859 2718; baseline -0.001 -17"><span class='ocrx_word' id='word_1_230' title='bbox 63 2665 95 2701; x_wconf 90' lang='lat' dir='ltr'>se</span> <span class='ocrx_word' id='word_1_231' title='bbox 106 2649 210 2713; x_wconf 83' lang='lat' dir='ltr'>serens,</span> <span class='ocrx_word' id='word_1_232' title='bbox 222 2665 303 2718; x_wconf 85' lang='lat' dir='ltr'>saepe</span> <span class='ocrx_word' id='word_1_233' title='bbox 315 2667 376 2702; x_wconf 86' lang='lat' dir='ltr'>cum</span> <span class='ocrx_word' id='word_1_234' title='bbox 386 2650 489 2718; x_wconf 92' lang='lat' dir='ltr'>populo</span> <span class='ocrx_word' id='word_1_235' title='bbox 502 2656 529 2701; x_wconf 87' lang='lat' dir='ltr'>ct</span> <span class='ocrx_word' id='word_1_236' title='bbox 538 2665 605 2702; x_wconf 91' lang='lat' dir='ltr'>voce</span> <span class='ocrx_word' id='word_1_237' title='bbox 616 2655 643 2702; x_wconf 88' lang='lat' dir='ltr'>et</span> <span class='ocrx_word' id='word_1_238' title='bbox 652 2654 743 2717; x_wconf 85' lang='lat' dir='ltr'>gestu,</span> <span class='ocrx_word' id='word_1_239' title='bbox 758 2653 790 2699; x_wconf 91' lang='lat' dir='ltr'>ut</span> <span class='ocrx_word' id='word_1_240' title='bbox 799 2648 859 2700; x_wconf 82' lang='lat' dir='ltr'>lau-</span> 
     </span>
     <span class='ocr_line' id='line_1_33' title="bbox 63 2724 859 2791; baseline 0 -15"><span class='ocrx_word' id='word_1_241' title='bbox 63 2731 121 2790; x_wconf 87' lang='lat' dir='ltr'>tor,</span> <span class='ocrx_word' id='word_1_242' title='bbox 134 2724 278 2776; x_wconf 80' lang='lat' dir='ltr'>cavillatus</span> <span class='ocrx_word' id='word_1_243' title='bbox 289 2733 339 2791; x_wconf 82' lang='lat' dir='ltr'>est,</span> <span class='ocrx_word' id='word_1_244' title='bbox 350 2742 443 2778; x_wconf 86' lang='lat' dir='ltr'>verum</span> <span class='ocrx_word' id='word_1_245' title='bbox 453 2727 597 2777; x_wconf 87' lang='lat' dir='ltr'>maiestate</span> <span class='ocrx_word' id='word_1_246' title='bbox 608 2725 697 2788; x_wconf 84' lang='lat' dir='ltr'>salva,</span> <span class='ocrx_word' id='word_1_247' title='bbox 708 2739 759 2775; x_wconf 87' lang='lat' dir='ltr'>nec</span> <span class='ocrx_word' id='word_1_248' title='bbox 769 2725 859 2776; x_wconf 90' lang='lat' dir='ltr'>minus</span> 
     </span>
     <span class='ocr_line' id='line_1_34' title="bbox 64 2799 857 2875; baseline -0.001 -19"><span class='ocrx_word' id='word_1_249' title='bbox 64 2802 216 2874; x_wconf 76' lang='lat' dir='ltr'>nequitate.</span> <span class='ocrx_word' id='word_1_250' title='bbox 254 2799 295 2854; x_wconf 88' lang='lat' dir='ltr'>Ne</span> <span class='ocrx_word' id='word_1_251' title='bbox 319 2803 385 2875; x_wconf 88' lang='lat' dir='ltr'>qnid</span> <span class='ocrx_word' id='word_1_252' title='bbox 408 2801 603 2872; x_wconf 84' lang='lat' dir='ltr'>popularitatis</span> <span class='ocrx_word' id='word_1_253' title='bbox 622 2800 857 2874; x_wconf 86' lang='lat' dir='ltr'>praetermitteret</span> 
     </span>
    </p>
   </div>
   <div class='ocr_carea' id='block_1_5' title="bbox 0 0 1026 3028">
    <p class='ocr_par' dir='ltr' id='par_1_7' title="bbox 0 0 1026 3028">
     <span class='ocr_line' id='line_1_35' title="bbox 0 0 1026 3028; baseline 0 0"><span class='ocrx_word' id='word_1_254' title='bbox 0 0 1026 3028; x_wconf 95' lang='lat' dir='ltr'> </span> 
     </span>
    </p>
   </div>
  </div>
 </body>
</html>
