2036 3022
315 319 325 330 .
372 285 482 334 NERO.
518 287 595 336 GAP.
615 291 697 338 b—l.
879 287 929 340 2²⁹

133 407 253 464 claudio
268 409 412 479 imperinm
427 413 541 481 adepto,
551 429 608 466 non
621 415 711 467 solum
722 420 851 483 paternas
862 431 928 480 opes

132 487 318 553 recuperavit,
331 487 378 539 sed
389 493 416 540 et
427 488 518 556 Crispi
528 488 654 542 Passieni
663 490 756 542 vitrici
765 489 809 541 sui
823 487 928 541 heradi-

124 567 191 612 tate
205 562 308 613 ditatus
324 569 373 614 est.
413 561 513 616 Gratia
523 566 633 634 quidem
644 571 671 618 et
680 565 806 632 potentia
815 579 927 616 revoca-

129 643 178 688 tae
192 637 389 706 restitutaeque
403 641 500 691 matris
514 657 601 710 usque
612 658 644 693 eo
655 641 762 705 floruit,
776 646 809 691 ut
818 655 926 691 emana-

129 717 175 763 ret
183 713 213 762 in
222 711 332 779 vulgus,
343 714 444 765 missos
455 731 472 765 a
481 715 640 780 Messalina,
650 727 737 768 uxore
749 715 867 779 Claudii,
879 716 927 782 qui

130 803 194 838 eum
204 787 408 852 meridiantem,
421 791 504 858 quasi
513 791 667 843 Britannici
677 791 826 855 acutulum,
838 797 926 842 stran-

128 859 267 930 gularent.
309 863 440 914 Additum
460 863 571 916 fabulae
591 872 630 931 ct,
650 867 762 918 eosdem
776 867 926 917 draconee

128 935 246 1003 pulvino
261 951 290 989 se
304 937 461 1006 proferente
481 941 645 992 conterritos
664 940 807 1007 refugisse.
847 941 925 1002 Quae

127 1011 231 1062 fabula
242 1019 339 1064 exorta
353 1019 407 1077 est,
428 1012 603 1081 deprehensis
617 1014 646 1064 in
664 1013 735 1066 lecto
750 1016 809 1065 eius
823 1017 925 1068 circum

129 1085 280 1138 cervicalia
295 1089 428 1154 serpentis
443 1090 563 1140 exuviis:
584 1104 652 1157 quas
665 1095 757 1139 tamen
772 1105 871 1141 aureae
883 1107 925 1140 ar-

128 1161 225 1212 millae
240 1177 273 1213 ex
286 1163 429 1214 voluntate
442 1165 539 1214 matris
552 1164 674 1215 inclusas
694 1163 791 1215 dextro
810 1163 925 1216 brachio

127 1236 250 1303 gestarit
270 1237 460 1305 aliquamdiu;
490 1255 523 1290 ae
542 1239 635 1290 taedio
656 1238 765 1290 taudem
786 1245 926 1290 maternae

127 1312 280 1363 memoriae
300 1313 418 1379 abiecit,
442 1329 591 1383 marsusque
616 1315 746 1366 extremis
766 1316 823 1366 suis
844 1316 925 1366 rebus

127 1385 233 1437 frustra
243 1387 395 1456 requisivit.

187 1459 247 1512 vn.
268 1463 358 1515 Tener
368 1462 466 1529 adhuc,
478 1465 593 1517 necdum
603 1470 712 1518 matum
722 1467 854 1532 pueritia,
867 1467 925 1516 Cir-

130 1536 259 1588 censibus
273 1537 345 1588 ludis
356 1539 471 1591 Troiam
486 1529 713 1597 constantissime,
722 1540 925 1593 favorabiliter·

129 1627 184 1679 que
193 1611 269 1664 lusit.
298 1612 448 1667 Undecimo
460 1617 559 1668 aetatis
571 1632 641 1669 anno
654 1633 670 1668 a
682 1616 798 1668 Claudio
810 1616 925 1683 adopta-

126 1694 175 1738 tus
190 1693 244 1752 est,
264 1687 431 1757 Annaeoque
446 1690 578 1757 Senecae,
598 1693 654 1744 iam
664 1693 874 1754 tumesenatori‚
895 1693 925 1742 in

128 1761 305 1830 disciplinam
328 1753 457 1816 tiaditus.
504 1765 620 1832 Fenmt,
642 1767 773 1819 Senecam
797 1768 925 1836 proxima

126 1843 211 1889 nocte
221 1837 309 1889 visum
320 1839 375 1890 sibi
384 1855 434 1906 per
443 1841 562 1910 quietem
578 1841 608 1892 G.
620 1841 734 1893 Caesari
747 1843 924 1910 praeciperet

128 1917 158 1964 et
167 1911 249 1964 fidem
258 1915 366 1966 somnio
377 1915 451 1966 Nero
461 1915 540 1967 brevi
548 1915 624 1980 fecit,
633 1916 745 1983 prodita
754 1917 925 1967 immanitate

128 1993 259 2053 namne,
271 1990 371 2056 qulbus
381 1989 498 2058 primum
508 1991 601 2058 potuit
610 1991 812 2058 experimentis.
842 1991 924 2042 Nam-

129 2079 183 2130 que
197 2062 388 2117 Britannicum
402 2065 528 2130 fratrem,
544 2065 618 2134 quod
634 2081 663 2117 se
672 2072 737 2134 post
747 2065 925 2134 adoptionem

130 2137 315 2190 Aenobarbum
331 2155 365 2192 ex
379 2141 577 2194 consuetudine
590 2140 750 2206 salutasset,
764 2147 797 2193 ut
810 2142 925 2194 subditi-

129 2229 194 2265 vum
216 2214 289 2281 apud
312 2221 418 2282 patrem
439 2233 553 2285 arguere
574 2222 689 2268 conatus
709 2222 759 2269 est.
806 2218 925 2270 duritem

130 2294 222 2340 autem
233 2287 368 2358 Lepidam
382 2305 458 2342 ream
466 2292 625 2344 testimonio
637 2307 731 2344 coram
742 2291 851 2356 afflixit,
863 2307 924 2360 gra-

128 2365 240 2416 tificans
254 2366 349 2429 matri,
365 2380 447 2434 aqua
460 2381 508 2418 rea
517 2367 700 2435 premebatur.
739 2367 881 2420 Deductus
894 2367 924 2417 ln

128 2439 222 2491 iorum
241 2439 309 2505 tiro,
330 2441 434 2508 populo
455 2442 638 2508 congiarium,
662 2442 745 2494 militi
764 2442 924 2493 donativum

128 2515 295 2584 proposuit:
315 2515 473 2582 indictaque
483 2515 645 2568 decursione
656 2517 852 2585 praetorianis,
863 2531 923 2568 scu·

128 2597 189 2642 tum
204 2603 255 2642 sua
268 2605 351 2642 manu
365 2591 514 2658 praetulit:
533 2591 632 2642 exinde
645 2592 720 2659 patri
729 2592 834 2657 gratias
843 2592 872 2641 in
882 2608 923 2642 se-

127 2673 198 2718 natu
208 2666 273 2734 egit.
311 2666 390 2736 Apud
401 2665 517 2718 eundem
527 2665 666 2716 consulem
680 2679 731 2732 pro
741 2664 923 2718 Bononiensi-

127 2741 183 2792 bus
191 2741 286 2805 latine,
296 2756 347 2810 pro
358 2739 475 2794 Rhodiis
486 2746 568 2808 atque
577 2739 723 2791 Iliensibus
733 2753 830 2808 graece
839 2743 924 2793 verba

127 2817 205 2872 iecit.
248 2815 413 2885 suspicatus
427 2823 469 2870 est
483 2821 510 2870 et
530 2815 749 2870 iurisdictionem
768 2816 922 2886 praefectu‘
