2026 3020
122 255 138 305 2
406 253 433 298 C.
452 252 641 300 SUETONII

124 379 233 434 toribus
244 377 359 446 pecunia
369 377 516 438 redimere;
538 376 625 428 donec
634 393 682 444 per
692 378 811 445 virgines
821 379 919 432 Vesta·

125 457 166 508 les
176 471 277 524 perque
287 453 455 504 Mamercum
460 451 604 502 Aemilium
615 453 787 506 etllurelium
799 455 919 521 Cottam,

125 531 297 598 propinquos
307 534 334 578 et
344 527 438 577 affines
448 543 522 590 suos,
533 527 641 578 veniam
650 529 816 595 impetravit.
843 530 919 581 Satis

127 611 244 668 constat,
256 603 373 664 Sullam,
391 618 473 669 qurun
484 602 694 668 deprecantibus
705 604 881 654 amicissimis
892 615 921 656 et

127 679 309 733 ornatissimis
325 677 391 726 viris
407 677 578 743 aliquamdiu
593 677 766 745 denegasset,
783 685 866 746 atque
876 680 921 730 illi

126 754 303 824 pertinaciter
314 751 519 815 contenderent,
536 759 719 819 expugnatum
733 753 843 804 taudem
854 771 920 821 pro·

127 832 268 890 clamasse,
280 827 337 878 sive
348 826 477 878 divinitus
488 827 546 878 sive
557 828 650 896 aliqua
662 829 832 880 coniectura:
854 828 920 880 Viu-

127 911 216 957 eereut
225 919 256 954 ac
267 901 317 952 sibi
326 901 463 964 laederent,
481 901 616 952 dissuetudo
632 902 742 965 scireut,
759 919 830 965 eunt,
843 919 921 969 quem

129 979 281 1031 ineolumem
294 985 428 1043 tantopere
439 986 575 1043 cuperent,
588 977 741 1043 quandoque
752 977 922 1044 detinentium

125 1054 258 1122 partibus,
281 1067 345 1118 quas
355 1051 528 1104 securusimul
541 1051 730 1122 defendissent,
747 1051 828 1103 exitio
836 1051 921 1123 futu-

126 1145 199 1181 rum:
219 1145 279 1179 nuru
292 1126 401 1178 Caesari
410 1129 502 1177 multos
513 1124 615 1178 Marios
625 1125 714 1178 inesse.

181 1203 215 1252 ll.
236 1201 379 1266 Stipendia
389 1201 477 1265 prima
487 1201 515 1248 in
525 1201 590 1248 Asia
600 1200 709 1250 fecitlll.
717 1199 830 1252 Thermi
840 1218 921 1269 prae-

126 1279 196 1330 toris
207 1275 401 1335 eorrhrbemi03
423 1289 504 1339 aquo
516 1274 549 1322 ad
562 1273 751 1325 arcessendam
763 1276 879 1328 classem
890 1280 921 1330 iu

127 1351 287 1418 Bithyniam
302 1350 415 1411 missus,
436 1347 542 1398 desedit
562 1348 635 1414 apud
651 1347 841 1413 Nicomedem,
861 1368 921 1404 num

128 1430 186 1478 siue
197 1440 306 1476 runrore
316 1427 471 1489 prostratae
481 1421 540 1488 regi
550 1423 714 1488 pudicitiae;
736 1440 815 1490 quem
826 1441 920 1478 rumo-

127 1518 184 1554 rem
195 1500 280 1561 auxit,
291 1499 364 1549 intra
373 1513 476 1564 paucos
487 1513 580 1548 rrrrsus
591 1495 649 1548 dies
659 1499 775 1565 repetita
786 1498 922 1566 Bithynia

129 1593 177 1644 per
186 1590 296 1628 causam
308 1573 456 1639 exigendae
466 1573 611 1639 poemiae,
628 1588 697 1639 quae
708 1573 852 1625 deberetur
862 1578 920 1628 cui-

129 1655 190 1703 dam
207 1649 336 1701 libertino
353 1647 447 1700 clienti
466 1662 527 1698 suo.
566 1648 683 1715 Reliqua
702 1649 804 1700 militia
822 1666 919 1702 socrui-

129 1728 207 1777 diore
216 1724 291 1774 sarria
300 1723 365 1786 luit,
382 1729 410 1773 et
419 1738 436 1771 a
446 1722 565 1772 Thermo
581 1723 609 1772 iu
620 1724 822 1790 expugnatione
832 1724 918 1791 Myti-

129 1803 251 1854 leuarum
263 1813 366 1850 corona
377 1798 464 1849 civica
475 1797 593 1848 donatus
603 1804 652 1848 est.

184 1875 231 1925 lll.
250 1875 353 1925 illeruit
363 1878 390 1924 et
399 1874 450 1924 sub
457 1873 574 1924 Servilio
581 1872 704 1925 Isaurico
715 1875 744 1924 iu
752 1873 858 1937 Cilicia,
871 1877 919 1926 sed

128 1953 206 2005 brevi
215 1956 345 2017 tempore.
385 1947 456 2000 Nam
467 1948 559 2000 Sullae
570 1954 657 2000 morte
668 1954 820 2014 corriperta,
837 1950 920 2000 simul

130 2045 177 2096 spe
189 2041 276 2078 novae
286 2024 479 2087 dissensionis,
491 2039 561 2090 quae
572 2037 620 2087 per
629 2023 668 2072 Μ.
680 2021 816 2088 Lepidum
828 2038 920 2076 move-

130 2106 224 2165 batur,
245 2101 360 2152 Romam
382 2115 498 2165 propcre
513 2096 603 2146 rediit.
643 2096 679 2146 Et
693 2095 794 2162 Lepidi
809 2099 922 2164 quidem

130 2177 276 2236 societate,
288 2187 444 2240 quanquam
459 2171 565 2237 magnis
576 2169 781 2222 conditionibus
790 2173 922 2226 invitare-

131 2258 188 2312 tur,
205 2248 351 2310 abstinuit,
366 2246 544 2312 trmringenio
556 2246 615 2295 eius
626 2246 745 2309 diiiisus,
766 2252 824 2298 hura
841 2263 923 2300 oeca-

131 2326 216 2385 sioue,
229 2338 310 2388 quam
321 2322 453 2372 minorem
464 2321 594 2385 opinione
605 2321 766 2373 offenderat.

186 2396 232 2448 lV.
255 2398 393 2459 Ceterum,
409 2395 563 2462 composita
573 2395 708 2448 seditione
719 2397 807 2459 civili,
820 2392 924 2450 Gorne-

131 2475 198 2526 lium
209 2470 392 2534 Dolabellam,
404 2471 574 2521 consularem
585 2477 612 2522 et
621 2470 812 2538 triumphalem
822 2473 923 2537 virium
999 2497 1000 2528 r

131 2547 343 2615 repetundarum
354 2546 519 2612 postulavit;
540 2546 731 2613 absolutoque,
743 2545 871 2600 Rhodum
881 2563 924 2599 se-

132 2623 228 2674 cedere
239 2621 344 2683 statuit,
356 2620 428 2672 etad
441 2620 630 2672 declinandam
642 2621 783 2685 irrvidiam,
795 2627 822 2672 et
832 2628 862 2672 nt
875 2639 925 2688 per

132 2697 219 2749 otium
230 2713 263 2748 ac
272 2696 394 2762 requiem
403 2695 552 2762 Apollonio
563 2697 680 2760 Moloni,
693 2697 846 2747 clarissima
858 2703 930 2749 hine

131 2771 241 2823 dicendi
250 2772 396 2839 magistro,
409 2786 519 2838 operam
530 2772 616 2824 daret.
656 2771 717 2823 Huc
728 2771 792 2823 dum
802 2769 926 2824 hibernis
