2026 3020
181 231 185 236 ·
244 209 747 266 ocravlnntis.cal³.11-1o.
842 217 894 278 ‚55

92 331 209 382 ltaliam
220 331 390 384 reducendos
405 341 439 386 et·
446 337 659 406 municipalibus
671 345 744 409 agris
755 346 893 400 collocan-

93 407 147 458 dos
158 407 321 474 recepisset,
342 423 430 477 neque
443 417 635 465 veteranorum
650 431 737 486 neque
752 437 893 488 possesso-

92 497 155 532 rum
167 482 287 548 gratiam
298 483 399 545 tenuit;
420 485 522 550 alteris,
534 488 601 554 pelli
611 506 648 554 se,
662 492 764 558 alteris,
775 511 831 546 non
841 513 891 565 pro

94 572 143 624 spe
154 557 317 607 meritorum
327 560 451 624 tractari,
464 563 648 629 querentibus.

150 630 227 682 XlV.
249 631 310 692 Quo
326 638 449 700 tempore
459 633 492 685 L.
504 637 664 705 Antonium,
676 634 784 698 ‘fiducia
795 661 891 698 consu-

94 705 177 769 latus,
185 721 264 774 quem
276 708 397 773 gerebat,
409 725 442 761 ac
451 709 589 764 fraternae
599 719 739 782 potentiae
750 735 794 772 res
804 737 891 773 novas

93 781 266 845 molientem,
280 781 426 850 confugere
436 783 577 836 Perusiam
590 792 681 858 codgit
690 798 718 844 et
727 793 763 844 ad
774 794 889 848 deditio-

93 871 155 906 nem
170 854 245 906 fame
261 857 405 924 compulit=
425 875 480 910 non
494 865 586 913 tannen
600 865 659 916 sine
673 869 780 934 triagnis
794 873 890 922 suiset

94 937 157 982 ante
178 929 282 981 bellum
297 938 324 982 et
337 931 366 983 in
380 933 453 984 bello
469 935 696 991 discriminibus·
720 943 791 994 Nam
807 963 890 1014 quum

93 1004 253 1072 spectaculo
264 1005 391 1057 ludorum
401 1011 557 1075 gregarium
568 1011 695 1077 militem,
715 1017 744 1066 in
760 1026 889 1084 quatuor-

93 1079 183 1132 decim
194 1079 338 1131 ordinibus
348 1082 498 1147 sedentem,
518 1084 635 1137 excitari
644 1103 693 1154 per
704 1093 888 1157 apparitorem

92 1155 233 1218 iussisset,
254 1171 364 1206 rumore
384 1157 418 1208 ab
440 1159 671 1213 obtrectatoribus
687 1161 787 1229 dilato,
809 1169 890 1235 quasi

56 1265 58 1270 ,
92 1229 209 1280 eundem
220 1244 284 1280 mox
296 1230 490 1283 discruciatum
502 1242 634 1299 necasset,
647 1238 788 1291 minimum
799 1241 889 1293 abfuit

93 1303 160 1372 quin
171 1305 275 1371 periret
285 1320 419 1356 concursu
434 1314 461 1358 et
474 1309 664 1376 indignatione
678 1315 775 1367 turbae
786 1317 887 1368 milita·

93 1379 140 1429 ris.
183 1378 274 1429 Saluti
286 1377 352 1444 luit,
369 1381 456 1448 quod,
478 1383 527 1451 qui
536 1384 756 1454 desiderabatur,
776 1399 887 1460 repente

93 1453 250 1520 comparuit
258 1453 405 1506 incolumis
416 1471 449 1506 ac
463 1457 521 1509 sine
535 1459 646 1511 iniuria.
687 1464 767 1515 Circa
777 1466 886 1518 Perusi-

92 1543 158 1577 num
175 1533 266 1578 autem
281 1545 387 1580 riirtrum
403 1532 561 1583 sacrificans
572 1550 657 1600 paene
667 1538 834 1607 interceptus
845 1547 887 1594 est

93 1617 109 1651 a
119 1617 204 1652 manu
214 1601 408 1669 gladiatorum,
420 1621 490 1674 quae
502 1608 604 1675 oppido
617 1619 751 1679 emperat.
812 1658 814 1663 ,

145 1675 209 1726 XV.
233 1675 348 1728 Penlsia
368 1685 460 1746 capta,
481 1681 510 1730 in
529 1682 663 1749 phirimos
684 1688 885 1754 animadvertit,

92 1766 173 1802 orare
192 1751 300 1802 veniam
320 1753 364 1804 vel
383 1769 513 1806 exornare
527 1772 556 1806 se
573 1762 735 1813 conantibus
748 1780 804 1814 una
817 1781 885 1817 voce

91 1817 253 1890 occurreris,
275 1827 507 1880 risoriendumerse.
548 1829 810 1905 Scribuntquidam,
831 1847 884 1890 tre-

91 1905 186 1951 centos
208 1915 242 1950 ex
263 1901 400 1953 dediticiis
415 1903 693 1976 electos„utriusque
709 1911 827 1976 ordinis,
849 1915 885 1964 ad

90 1991 168 2026 aram
183 1974 256 2025 Divo
271 1976 342 2027 lulio
362 1981 528 2028 exstructam
543 1979 637 2031 Idibus
650 1982 760 2034 Martiis
781 1984 884 2037 hostia-

89 2065 148 2100 rum
170 2064 248 2102 more
271 2057 416 2103 oractatos.
454 2051 712 2124 Exstitenmt,.qni
735 2059 883 2124 traderent,

91 2124 218 2175 consulto
230 2141 290 2175 erim
302 2125 335 2175 ad
349 2142 425 2176 arma
433 2128 502 2192 isse,
523 2133 555 2178 ut
566 2129 667 2182 occulti
677 2132 841 2200 adversarii,
857 2141 885 2188 et

91 2215 160 2267 quos
172 2204 261 2250 metus
271 2201 358 2266 magis
374 2217 454 2268 quam
470 2203 597 2257 voluntas
613 2208 775 2275 contineret,
796 2209 883 2263 facul·

91 2281 145 2326 tate
156 2274 190 2324 L.
203 2274 317 2326 Antonii
331 2275 408 2326 ducis
422 2278 561 2345 praebita,
583 2280 784 2350 detegerentur3
809 2283 883 2337 devi-

90 2349 196 2416 ctisque
211 2346 254 2420 his
269 2355 297 2399 et
311 2351 480 2416 confiscatis,
502 2355 638 2420 promissa
653 2360 789 2410 veteranis
803 2373 882 2427 prae·

88 2424 143 2475 mia
153 2422 384 2491 persolverentur.

47 2539 50 2544 r
142 2497 219 2548 xvi.
239 2497 346 2549 Bellum
362 2499 483 2550 Siculum
502 2501 644 2556 inchoavit
661 2506 690 2554 in
705 2507 813 2573 primis,
833 2506 882 2557 sed

88 2572 134 2624 diu
144 2573 241 2636 traxit,
252 2573 436 2624 intermissum
447 2577 565 2642 saepius,
571 2577 655 2627 modo
667 2580 880 2646 reparandarum

88 2646 219 2698 classium
234 2661 331 2712 carisa,
352 2663 421 2717 quas
434 2652 642 2715 tempestatibus
657 2651 762 2719 duplici
770 2653 881 2705 naufra-

86 2723 146 2796 gio.
168 2720 316 2792 etquidem
328 2738 377 2790 per
388 2725 532 2790 aestatem,
554 2724 694 2796 amiserat,
716 2728 798 2780 modo
813 2743 882 2803 pace
