2036 3022
236 291 250 324 ,
277 235 388 302 unae,
423 237 500 284 car.
519 237 635 284 zr-ar.
800 235 850 286 aaa

56 362 219 416 feminarum
236 362 271 414 ad
287 363 408 431 stipitem
423 362 605 431 deligatorum
614 363 729 431 inguina
738 360 849 414 invade·

54 445 108 503 ret,
124 443 154 490 et
164 453 248 506 quum
263 438 369 490 affatim
380 439 559 503 desaevisset,
575 439 754 491 conficeretur
764 453 781 488 a
791 437 848 488 Do·

54 513 177 582 ryphoro
198 513 317 565 liberto:
338 515 383 566 cui
403 515 497 580 etiam,
519 516 591 587 sicrrt
605 515 660 582 ipsi
675 514 791 581 Sporus,
807 514 848 563 ita
943 541 946 546 ·

52 591 112 656 ipse
127 588 272 657 denupsit,
292 603 374 641 voces
386 604 494 657 quoque
508 596 536 642 et
549 591 667 642 eiulatus
677 590 732 641 vim
742 589 847 656 patien-

53 665 120 716 tium
129 663 268 731 virginum
277 665 411 716 imitatus.
440 665 482 715 Ex
492 664 631 717 nonnullis
643 665 775 733 comperi,
787 679 847 731 per-

53 739 244 790 suasissimum
254 737 384 791 habuisse
396 755 465 803 eum,
476 741 610 792 neminem
621 739 758 793 hominem
768 739 847 807 pudi-

54 831 126 879 cum,
147 820 198 864 ant
216 813 275 864 ulla
295 815 420 880 corporis
439 819 516 880 parte
536 832 633 883 purum
653 831 730 877 esse3
754 830 848 866 rernm

54 891 200 958 plerosque
211 888 384 940 dissimulare
393 889 499 953 vitium,
506 896 533 940 et
544 890 694 942 ealliditate
706 889 846 958 obtegere3

55 965 172 1032 ideoque
186 963 319 1032 professis
335 964 408 1030 apud
423 980 452 1014 se
468 965 664 1015 obscenitatem
680 970 770 1015 cetera
781 979 848 1030 quo·

56 1055 107 1108 que
117 1039 288 1091 concessisse
299 1039 409 1090 delicta.

110 1115 200 1166 XXX.
234 1114 401 1165 Diuitiarum
432 1119 459 1164 et
487 1113 620 1180 pecuniae
647 1113 767 1164 fructum
793 1128 849 1164 uon

58 1191 140 1242 alium
151 1191 280 1258 putabat,
298 1205 378 1256 quam
394 1188 583 1256 profusionem
595 1205 601 1238 ε
621 1188 750 1240 sordidos
761 1203 794 1238 ac
804 1188 849 1239 de-

56 1281 156 1333 parcos
176 1281 249 1328 esse,
270 1265 369 1332 quibus
393 1265 466 1315 ratio
486 1265 672 1331 impensarum
692 1269 849 1325 constaret3

57 1341 217 1406 praelautos
237 1355 353 1406 vereque
369 1340 543 1406 magnificos,
564 1340 613 1407 qui
627 1339 802 1390 abuterentur
818 1355 851 1390 aa

57 1416 211 1483 perderent.
250 1413 398 1465 Laudabat
408 1415 614 1482 mirabaturque
625 1414 788 1466 avuncuhuu
800 1415 850 1465 Ca-

56 1492 113 1542 ium
128 1491 207 1540 nullo
221 1490 309 1556 magis
323 1491 445 1554 nomine,
462 1505 543 1556 quam
555 1490 629 1558 quod
643 1492 766 1559 ingentes
776 1507 794 1540 a
803 1492 851 1540 Τί-

55 1568 136 1618 berio
165 1563 277 1616 relictas
302 1579 367 1630 opes
391 1566 420 1615 in
448 1566 527 1616 brevi
554 1566 645 1632 spatio
670 1564 851 1632 prodegisset.

58 1642 152 1703 Quare
166 1655 217 1690 nec
230 1639 367 1707 largiendi
387 1657 437 1690 nec
450 1641 611 1691 absumendi
626 1642 735 1692 modum
755 1641 851 1692 tenuit.
889 1678 893 1691 t

55 1716 87 1768 Iu
97 1714 263 1778 Tiridatem,
276 1714 350 1782 quod
359 1715 406 1764 vix
417 1715 547 1766 credibile
557 1716 695 1780 videatur,
708 1717 853 1784 octingena

56 1790 202 1845 nummrim
213 1789 301 1840 miliia
316 1789 415 1840 diurna
428 1790 565 1856 erogavit,
587 1791 751 1862 abeuntique
771 1807 853 1858 super

56 1867 215 1919 sestertium
234 1865 334 1916 millies
355 1863 480 1915 contulit.
522 1864 696 1916 Menecraten
718 1864 852 1917 citharoe-

57 1943 122 1993 dum
129 1939 304 2008 etSpicuhrm
314 1939 506 1994 mirmillonem
516 1937 723 2006 triumphalium
731 1941 853 1991 virorum

55 2017 236 2085 patrimoniis
261 2015 429 2083 aedibusque
456 2014 578 2066 donavit.
628 2013 853 2080 cercopithecum

56 2092 234 2156 Panerotem,
244 2090 435 2156 feneratorem,
441 2095 469 2143 et
478 2089 591 2140 urbanis
602 2089 766 2156 rusticisque
775 2105 853 2158 prae·

58 2169 114 2219 diis
124 2167 338 2234 locupletatum,
353 2181 439 2235 prope
449 2166 526 2233 regio
538 2165 636 2217 extulit
645 2164 748 2217 hmere.
787 2164 853 2217 Nul-

57 2244 115 2294 lam
129 2248 233 2294 vest'em
252 2242 296 2292 bis
316 2241 414 2291 induit.
455 2240 656 2308 eradriugenis
675 2241 704 2292 iu
724 2247 854 2311 punctum

59 2319 198 2370 sestertiis
209 2317 298 2368 aleam
308 2317 383 2366 lusit.
413 2313 539 2367 Piscatur
551 2322 592 2367 est
601 2322 658 2368 rete
669 2322 779 2381 aurato,
791 2331 854 2384 pur-

59 2409 132 2460 pura
152 2408 292 2460 coccoque
311 2390 423 2442 semibus
443 2391 529 2442 nexis.
568 2391 713 2459 Nunquam
734 2391 854 2443 carrucis
934 2390 936 2393 ’

60 2469 153 2521 minus
168 2467 245 2518 mille
258 2465 357 2518 fecisse
367 2467 420 2517 iter
428 2465 560 2530 traditur,
572 2467 656 2519 soleis
666 2465 801 2516 mularum
813 2479 855 2515 ar-

59 2545 181 2612 genteis,
197 2542 367 2594 canusinatis
382 2540 563 2604 mulionibus,
580 2540 718 2592 armillata
728 2546 755 2592 et
763 2538 857 2608 phale-

59 2625 125 2671 rata
135 2617 345 2670 hamariccrum
354 2618 437 2668 turba
448 2620 530 2683 atque
541 2630 692 2667 cursorum.

18 2744 22 2759 ,
119 2693 224 2746 XXXI.
244 2693 308 2744 Non
321 2693 351 2744 in
366 2691 422 2743 alia
436 2707 465 2742 re
479 2696 571 2740 tamen
582 2688 755 2754 damnosior,
776 2705 859 2759 quam

58 2772 90 2826 in
100 2768 287 2824 aedificando.
302 2767 421 2820 Domum
433 2782 450 2818 a
460 2763 715 2832 PalatioEsquilias
724 2780 810 2836 usque
821 2766 859 2819 fe-

643 2858 696 2916 aa
