2026 3020
215 234 344 282 lunius
372 231 527 283 caussa.
563 235 776 286 craso-44.
858 231 891 288 23

93 376 157 416 rum
170 360 353 427 ingenuorum
367 360 439 412 inter
453 365 585 428 pastores
597 357 738 413 haberent.
779 361 891 414 Omnes·

94 453 150 506 que
163 436 328 487 medicinam
343 435 448 486 Romae
462 435 603 502 professos
623 441 654 488 et
670 437 827 488 liberalium
848 454 891 489 ar-

92 515 164 564 tium
180 511 321 576 doctores,
336 525 397 578 *quo
413 510 543 562 libentius
559 517 586 562 et
603 512 658 579 ipsi
673 512 773 564 Urbem
788 512 891 583 incole-

94 593 165 650 rent,
177 593 207 638 et
216 586 299 638 ceteri
310 591 480 653 appeterent,
503 587 614 638 civitate
630 587 752 638 donavit.
793 587 835 639 De
845 603 891 654 pe-

96 664 186 728 omiis
205 661 320 726 mutuis,
342 661 457 712 cuncta
476 675 610 712 novarum
623 663 782 714 tabularum
797 677 892 730 exspe-

95 738 230 801 ctatione,
239 789 242 792 ,
252 751 324 803 quae
336 736 431 786 crebro
443 736 617 801 movebatur,
639 737 761 790 decrevit
770 738 890 802 tandem,

93 821 126 864 ut
139 813 280 864 debitores
297 809 478 862 creditoribus
494 791 686 864 safisfacerent
700 829 749 880 per
763 815 890 866 aestima-

1 939 9 952 ,
95 890 198 940 tionem
217 886 440 954 possessionum,
466 887 562 953 quanti
583 902 706 956 quasque
722 893 790 941 ante
811 889 892 940 civile

95 963 198 1014 bellum
213 966 431 1028 comparassem,
447 960 565 1012 deducto
581 977 703 1014 summae
715 965 786 1015 aeris
798 963 892 1028 alieni,

95 1037 202 1105 siquid
217 1048 320 1088 usurae
332 1037 442 1086 nomine
457 1041 628 1086 numeratum
649 1043 697 1088 aut
711 1040 891 1106 perscriptum

95 1112 207 1164 fuisset:
228 1125 283 1178 qua
299 1105 458 1162 conditione
472 1116 651 1177 quartapars
665 1111 723 1175 fere
738 1113 837 1164 crediti
847 1112 892 1163 de·

95 1189 214 1255 peribat.
255 1186 359 1236 Cuncta
371 1185 511 1252 collegia,
532 1191 641 1252 praeter
661 1173 893 1256 antiquitus'con-

97 1263 205 1325 stituta,
217 1261 355 1327 distrqxit.
375 1259 484 1312 Poenas
494 1260 650 1313 facinorum
661 1263 751 1314 auxitt
772 1269 799 1315 et
810 1279 907 1332 quum-

96 1337 248 1404 locupletes
259 1351 292 1387 eo
303 1335 414 1387 facilius
425 1335 527 1388 scelere
538 1351 567 1387 sc
583 1337 750 1406 obligarent,
767 1339 841 1407 quod
852 1340 892 1390 in-

97 1414 181 1480 tegris
192 1410 369 1478 patrimoniis
379 1411 556 1475 exsulabant,
571 1414 740 1478 parricidas,
750 1419 783 1464 ut
793 1413 890 1466 Cicero

97 1489 208 1552 scribit,
223 1487 305 1538 bonis
317 1485 455 1550 omuibus,
471 1485 594 1554 reliquos
609 1488 724 1539 dimidia
735 1495 813 1556 parte
823 1489 892 1540 mul·

96 1564 175 1615 tavit.
630 1605 633 1608 .

152 1637 254 1689 XLlll.
274 1636 320 1686 lus
335 1636 554 1688 laboriosissime
570 1653 603 1688 ac
621 1637 792 1690 severissime
813 1638 893 1690 dixit.

98 1713 319 1781 Repenmdarum
332 1713 472 1762 convictos
483 1712 565 1763 etiam
578 1712 674 1764 ordine
685 1715 825 1765 senatorio
835 1730 893 1765 mo-

97 1791 144 1840 vit.
184 1787 306 1838 Diremit
315 1787 425 1852 nuptias
436 1787 570 1852 praetorii
580 1789 642 1852 viri,
655 1789 700 1857 qui
713 1789 863 1857 digressam
877 1805 894 1840 a

97 1864 198 1915 marito
218 1867 284 1930 post
301 1861 414 1912 biduum
430 1863 523 1912 statim
540 1862 667 1926 duxerat,
690 1866 814 1932 quamvis
834 1865 894 1915 sine

95 1940 194 2006 probri
204 1937 370 2004 suspicione.
405 1935 614 2002 Peregrinarum
625 1940 755 1990 mercium
767 1940 894 2006 portoria

97 2014 227 2065 instituit.
267 2011 440 2063 Lecticarum
451 2026 543 2074 usum,
564 2013 629 2062 item
646 2011 839 2079 conchyliatae
849 2029 894 2064 ve-

96 2091 146 2141 stis
157 2094 186 2142 et
200 2089 425 2155 margaritarum,
446 2086 501 2137 nisi
517 2087 598 2138 certis
613 2089 740 2154 personis
755 2096 783 2141 et
797 2089 894 2140 aetati-

97 2167 161 2230 bus,
177 2178 286 2234 perque·
293 2162 383 2213 certos
394 2162 451 2213 dies
457 2201 465 2226 ,
482 2162 594 2233 ademit.
633 2161 734 2231 Legem
746 2165 894 2234 praecipue

96 2239 297 2307 sumptuariam
310 2238 439 2302 exercuit,
452 2237 596 2304 dispositis
608 2240 682 2291 eirca
692 2241 837 2294 macellum
848 2257 894 2292 eu-

96 2315 238 2378 stodibus,
251 2313 299 2380 qui
310 2312 427 2362 obsonia
438 2320 535 2363 eontra
547 2316 659 2367 vetitum
671 2317 832 2380 retinerent,
849 2315 894 2366 de-

97 2394 294 2458 portarentque
306 2386 341 2436 ad
353 2403 394 2450 se,
415 2388 567 2440 summissis
581 2405 777 2459 nonnunquam
788 2391 894 2443 lictori·

97 2467 147 2516 bus
159 2471 244 2531 atque
254 2463 397 2525 militibus,
410 2463 469 2528 qui,
482 2464 507 2513 si
517 2479 572 2532 qua
584 2465 712 2517 custodes
722 2465 893 2526 fefellissent,

96 2542 152 2591 iam
165 2538 297 2608 apposita
308 2536 453 2588 ctriclinio
466 2537 613 2593 auferrent.

152 2613 255 2666 XLIV.
280 2612 349 2663 Nam
376 2611 409 2662 de
435 2615 558 2666 ornanda
577 2615 792 2682 instruendaque
812 2615 894 2678 Urbe,

94 2695 160 2743 item
173 2691 208 2741 de
219 2688 323 2740 tuendo
335 2685 550 2756 ampliandoque
560 2689 691 2756 imperio,
702 2689 782 2756 plura
794 2705 827 2741 ac
836 2705 893 2740 ma-

93 2768 159 2819 iora
179 2765 209 2818 in
231 2762 480 2832 dies‘destinabatr
504 2763 631 2829 inprimis
639 2763 740 2816 Martis
754 2765 894 2833 templum,
