2050 3034
126 211 176 263 lto
404 207 440 258 Gi
456 207 643 256 SUETONli

125 335 259 398 referens,
277 334 352 402 quod
362 349 391 386 se
402 332 556 401 quondum,
572 345 633 383 cum
644 331 767 382 exercitu
776 330 933 398 iniquitate

125 411 181 463 loci
192 409 411 472 circumclusum,
422 423 521 476 passus
533 412 605 459 esset
614 405 739 458 credere.
774 404 931 458 Prandium

125 484 224 537 dehinc
234 484 338 552 populo
349 482 425 534 mille
435 484 551 546 mensis,
573 487 601 533 et
614 481 788 548 congiarium
797 485 929 532 trecenos

123 575 249 611 nummos
259 559 363 608 viritim
374 557 459 609 dedit.
498 556 646 608 Dedicavit
655 561 683 607 et
694 555 869 607 Concordiae
881 569 928 607 se·

125 635 199 696 dem3
219 633 284 686 item
296 631 420 683 Pollucis
434 638 462 683 et
472 631 598 683 Castoris
611 645 662 682 suo
673 629 825 698 fratrisque
835 631 927 681 nomi-

123 725 157 760 ne
169 709 203 760 de
213 706 360 757 manubiis.

178 781 254 833 XXI.
274 781 313 830 dc
327 795 383 831 non
398 780 484 830 multo
500 786 565 846 post
578 779 638 845 lege
652 793 702 845 per
716 777 844 830 consules
855 779 925 842 late,

122 862 153 906 ut
163 855 321 922 provincias
337 870 398 906 cum
412 854 535 921 Augusto
552 854 732 906 communiter
746 852 924 904 administra·
951 909 957 916 ,

122 937 164 982 ret
173 929 310 997 simulque
321 944 430 982 censum
442 935 549 997 ageret,
565 928 677 980 condito
692 927 780 980 lustro
791 928 821 978 in
829 927 924 994 lllyri-

122 1020 182 1056 cum
197 1003 338 1071 proiectus
353 1010 403 1056 est.
441 1003 478 1054 Et
491 1004 585 1054 statim
599 1018 633 1056 ex
647 1003 746 1055 itinere
766 1008 923 1067 revocatus,

122 1081 177 1130 iam
198 1079 308 1147 quidem
330 1079 472 1142 effectum,
493 1079 542 1130 sed
560 1086 653 1129 tamen
667 1079 817 1144 spirantem
831 1075 923 1130 adhuc

122 1155 273 1222 Arrgsrstum
293 1155 407 1221 reperit3
437 1152 545 1220 uritque
564 1167 621 1204 nna
640 1159 750 1204 secreto
762 1167 811 1219 per
829 1157 922 1203 totum

123 1229 204 1280 diem.
243 1227 322 1291 Scio,
337 1227 421 1295 vulgo
433 1242 607 1294 persuasum,
624 1228 717 1297 qussi,
734 1239 845 1296 egresso
857 1234 923 1294 post

123 1309 256 1355 secretum
271 1317 423 1354 sermonem
435 1302 564 1365 Tiberio,
584 1315 639 1354 vox
649 1303 767 1369 Augusti
780 1317 830 1369 per
845 1302 922 1353 cubi-

123 1377 243 1428 cularios
264 1382 379 1442 excepta
398 1377 448 1427 sit:
474 1374 603 1428 Moerum
619 1377 747 1444 populum
762 1375 922 1438 Romanum,

122 1449 169 1517 qui
187 1450 233 1501 sul
255 1458 309 1501 tam
324 1450 401 1502 lentis
419 1450 534 1502 maxillis
554 1450 620 1503 crit!
657 1450 699 1503 Ne
719 1450 790 1502 illud
811 1450 922 1518 quidem

120 1527 234 1593 ignoro,
247 1525 356 1592 aliquos
367 1525 528 1588 tradidisse,
539 1526 691 1593 Augustum
701 1525 794 1593 palam
804 1541 856 1577 nec
867 1525 923 1576 dis-

120 1601 282 1652 simulanter
295 1615 403 1650 morum
417 1600 477 1651 elus
496 1599 636 1652 diritatem
653 1601 723 1653 adeo
738 1601 923 1669 improbasse,

120 1682 151 1726 ut
160 1688 357 1741 nonnunquam
367 1674 540 1725 remissiores
556 1673 758 1742 hilarioresque
768 1690 921 1740 sermones,

120 1748 328 1815 superveniente
339 1763 382 1811 eo,
394 1747 583 1815 abrumperem
603 1751 652 1802 sed
662 1757 848 1818 expugnatum
859 1765 922 1817 pre-

121 1822 198 1874 cibus
216 1822 314 1874 uxoris
335 1823 513 1890 adoptionem
533 1839 590 1876 non
610 1825 751 1888 abnuisse,
772 1825 921 1876 ueletiam

120 1898 272 1949 ambitione
280 1901 399 1950 tractim
404 1937 413 1963 ,
434 1905 465 1950 ut
473 1899 526 1950 tali
536 1915 695 1951 successore
706 1899 922 1951 desiderabilior

118 1974 179 2040 ipse
190 1973 356 2042 quandoque
367 1974 452 2025 lieret.
491 1974 600 2026 Adduci
608 1981 701 2026 tamen
715 1989 836 2042 nequeo,
853 1976 919 2044 quin

119 2049 285 2112 existimem,
307 2049 612 2116 circumspectissimum
633 2055 661 2101 et
675 2049 919 2117 pmdentissimum

119 2123 284 2189 principem,
295 2124 325 2172 in
335 2129 413 2174 tanto
425 2121 587 2190 praesertim
597 2126 723 2191 negotio,
736 2122 807 2174 nihil
816 2130 920 2175 temere

118 2193 226 2257 iecisse,
238 2197 287 2246 sed
297 2198 373 2247 vitiis
384 2198 587 2264 virtutibusque
598 2198 705 2251 'l'iberii
716 2200 859 2266 perpensis
869 2214 920 2266 po·

118 2269 205 2322 tiores
217 2268 329 2320 duxisse
339 2272 468 2333 virtutes3
489 2273 650 2338 praesertim
662 2288 746 2341 quum
757 2279 785 2325 et
794 2272 918 2340 reipubli-

118 2359 166 2396 cae
175 2359 256 2398 tauta
266 2345 394 2411 adoptare
404 2361 431 2398 se
441 2362 499 2398 eum
509 2363 560 2414 pro
572 2350 706 2400 concione
721 2350 869 2411 iuraverit,
891 2353 921 2398 et

118 2421 244 2487 epistolis
256 2420 365 2489 aliquot
373 2426 405 2472 ut
413 2423 611 2488 peritissimum
622 2425 663 2474 rei
673 2423 816 2487 militaris,
832 2428 920 2490 utque

115 2494 227 2546 unicum
238 2495 335 2564 populi
346 2495 465 2548 Romani
474 2498 643 2564 praesidium
654 2505 847 2566 prosequatur.
874 2495 917 2547 Ex

116 2570 421 2639 quibusinexemplnm
431 2587 522 2639 pauca
532 2571 670 2625 hincinde
680 2573 795 2624 subieci.
841 2569 916 2632 Vale,

116 2641 300 2698 iucundissime
314 2645 412 2712 iliberi,
424 2656 451 2700 et
460 2663 516 2700 rem
523 2665 588 2718 gere
591 2645 720 2718 feliciter,
733 2645 792 2706 ὶμοὶ
804 2644 848 2694 ²⁸⁰2
857 2647 918 2701 ταῖς
1010 2707 1011 2712 1

117 2713 237 2776 Madame
246 2722 406 2788 στρατηγῶν.
416 2751 455 2764 -·
465 2721 665 2786 Iucundissime,
678 2731 715 2787 et,
727 2722 768 2774 itu
778 2720 915 2792 simfelis,
1010 2715 1011 2757 l
