2036 3022
311 237 425 287 onuo.
461 218 642 291 cares-o.
825 231 876 291 ist

74 360 211 416 Vitellius
228 363 422 432 praemiserat,
437 359 734 430 appropinquantibus,
756 358 876 415 aninum

73 438 215 504 iidemque
225 438 466 505 praetorianorum
475 447 679 504 erga-sapaces
687 434 876 490 internecione

75 511 244 580 amplissimi
263 513 372 564 ordinis
390 519 519 580 expertus
533 517 583 565 est
622 509 658 562 Et
671 509 815 578 placuerat
827 523 877 576 per

74 587 239 642 classiarios
251 601 328 638 asma
338 585 490 653 transferri,
499 583 658 654 remittique
667 583 794 642 navium.
833 584 875 637 Ea

75 678 163 732 quum
182 663 211 713 iu
232 664 330 716 casum
350 663 402 714 sub
415 669 525 714 noctem
538 666 737 730 promerentur,
758 659 875 714 insidias

75 736 192 806 quidam
211 739 357 807 suspicati,
379 736 525 790 tumultum
544 737 751 799 excitaverunt3
782 750 815 789 ac
833 751 875 788 re-

74 819 159 880 pente
170 827 275 878 omnes,
290 812 368 864 nullo
379 818 455 864 certo
466 811 547 875 duce,
558 813 588 864 in
598 811 739 866 Palatium
749 825 874 864 camerte-

75 894 155 951 runt,
166 889 278 940 caedem
288 895 400 940 senatuis
412 887 586 954 flagitantem
605 886 778 954 repulsisque
787 887 874 938 tribu·

75 977 190 1028 norum,
206 963 255 1032 qui
267 961 391 1014 inhibere
405 963 562 1025 tentabant,
576 960 717 1014 nonnullis
727 967 755 1012 et
765 962 873 1024 occisis,

76 1039 151 1090 sient
172 1044 251 1090 erent
266 1039 384 1101 omenti,
403 1038 517 1088 ubinam
536 1037 687 1104 imperator
700 1042 774 1088 esset
785 1037 876 1103 requi.

76 1120 178 1178 rentes,
189 1120 372 1182 perruperrmt
381 1113 410 1164 in
421 1112 571 1164 triclinium
582 1126 678 1178 usqne,
690 1125 740 1161 neo
749 1109 805 1162 nisi
814 1112 875 1162 viso

75 1189 252 1240 destiterunt.
300 1187 512 1254 Expeditionem
535 1191 628 1238 autem
652 1185 768 1254 impigre
793 1190 876 1253 atquo

76 1265 163 1315 etiam
183 1277 367 1331 praepropere
384 1261 540 1324 inchoavit,
560 1259 639 1314 nulla
657 1276 693 1312 ne
710 1259 875 1327 religionum

76 1339 192 1408 quidem
202 1353 277 1403 mira,
283 1338 332 1389 sed
341 1343 369 1390 et
379 1337 587 1390 motisnecdum
599 1335 719 1389 conditis
730 1335 874 1400 ancilibus,

75 1415 154 1483 quod
166 1414 319 1482 antiquitus
329 1411 481 1466 infaustum
491 1408 627 1474 babetur3
648 1416 675 1464 et
685 1409 738 1475 dic,
750 1426 806 1479 quo
818 1410 874 1464 ou-

74 1498 153 1540 tores
167 1488 248 1540 deum
262 1489 359 1540 matris
373 1487 521 1540 lamentari
534 1493 562 1539 et
575 1487 705 1555 plangere
718 1486 872 1554 incipiunt3

74 1571 223 1634 praeterea
237 1564 439 1616 aduersissimis
454 1563 597 1633 auspiciis.
635 1561 707 1620 Nam
721 1567 749 1614 ot
761 1561 875 1612 victima

75 1641 140 1690 Diti
152 1640 228 1708 patri
242 1655 324 1691 caesa
337 1639 442 1702 litavit,
458 1655 542 1708 quum
553 1637 606 1690 tali
614 1636 753 1690 sacrificio
766 1642 873 1688 corsita-

73 1717 121 1767 ῆι
129 1722 195 1766 exta
205 1716 317 1783 potiora
328 1716 383 1766 sint
394 1731 401 1776 3
421 1722 449 1767 et
463 1715 552 1781 primo
563 1729 676 1780 egressu
685 1712 873 1766 inundationi-

75 1793 130 1842 bus
139 1791 250 1842 'liberis
260 1790 431 1852 retardatus,
444 1790 479 1840 ad
488 1789 647 1840 vicesimum
659 1789 741 1840 etiam
753 1786 872 1852 lapidem

72 1867 159 1920 ruina
167 1865 357 1917 aedificiorum
368 1863 541 1933 praeclusam
550 1864 624 1915 viam
635 1861 761 1914 offendit.

131 1941 180 1992 lx.
202 1937 293 1992 Simili
302 1941 469 2004 temeritate,
482 1938 606 2008 quamvis
617 1937 731 1989 dubium
742 1941 814 1988 asset
827 1951 873 1988 na-

73 2017 153 2080 mini,
166 2016 233 2086 quin
242 2014 317 2068 trahi
326 2015 429 2068 bellum
441 2019 590 2084 oporteret,
601 2011 714 2081 quando
725 2016 753 2062 et
762 2009 835 2063 fame
846 2017 873 2062 et

74 2091 215 2160 angustiis
234 2091 360 2142 locorum
379 2097 525 2159 urgeretur
538 2087 636 2151 hostis,
657 2085 873 2156 quamprimum

74 2175 169 2222 tamon
188 2166 329 2219 decertare
348 2167 464 2229 statuit;
493 2166 551 2216 eive
570 2162 717 2232 impatiens
735 2161 873 2229 longioris

74 2241 293 2304 sollicitudinis,
317 2255 485 2310 speransque
509 2247 573 2292 ante
594 2237 704 2292 Vitellii
727 2237 873 2291 adventum

73 2317 221 2386 profligari
235 2317 383 2386 plurimum
399 2332 493 2384 posse,
514 2315 572 2366 sive
585 2315 675 2384 impar
689 2310 808 2364 militum
829 2327 872 2362 ar-

74 2393 147 2457 dori,
158 2407 282 2460 pugnam
290 2391 505 2459 deposcentium.
535 2389 593 2441 Nec
601 2387 654 2442 ulli
664 2401 771 2456 pugnae
782 2384 872 2448 affuit,

74 2468 256 2536 substititque
265 2466 391 2518 Brixelli.
429 2465 466 2516 Et
479 2465 568 2516 tribus
579 2464 702 2534 quidem,
713 2475 807 2514 verum
817 2475 872 2512 me-

75 2543 220 2596 diocribus
230 2543 358 2612 proeliis,
370 2541 443 2610 apud
453 2541 543 2608 Alpes,
555 2541 682 2608 circaque
693 2537 872 2600 Placentiam,

73 2628 103 2672 et
114 2619 151 2671 ad
161 2618 299 2682 Castoris,
311 2617 387 2686 quod
402 2616 466 2668 loco
475 2629 575 2666 nomen
586 2622 639 2678 est,
650 2614 735 2667 vicit:
755 2611 872 2664 novissi-

72 2711 119 2747 mo
140 2695 318 2763 maximoque
339 2692 413 2760 apud
432 2690 590 2742 Betriacum
608 2688 707 2740 fraude
726 2692 873 2755 superatus

73 2779 124 2837 est,
137 2785 237 2841 quum,
248 2785 296 2838 spe
308 2767 443 2837 colloquii
452 2766 536 2830 facta,
548 2765 629 2833 quasi
640 2763 674 2816 ad
686 2762 872 2818 conditionem
