2026 3020
151 186 184 241 88
431 191 456 238 c.
479 190 671 238 snnrouu

168 310 235 364 Aid'
249 311 343 374 durior
354 310 454 378 ἄγαμός
464 309 485 364 τ’
496 314 592 374 ἔμεναι,
602 310 696 378 ἄγονός
707 309 728 364 τ’
740 309 911 366 ἀπολέσθαι]
994 317 1000 380 l

152 408 204 444 neo
215 393 295 443 aliter
306 409 354 444 eos
365 391 517 460 appellare,
539 406 622 460 quam
635 391 687 443 tris
702 393 826 444 vomicas
837 400 888 444 aut
897 397 957 445 tria

153 469 340 520 carcinomata
350 483 409 518 sua.
999 465 1000 490 ³

208 543 306 594 LXVI.
327 543 469 593 Amicitias
487 558 576 612 neque
593 541 676 593 facile
696 540 821 606 admisit,
843 549 872 593 et
886 559 953 595 con·
999 595 1000 606 ,

151 619 320 670 stantissime
333 617 458 678 retinuit3
481 633 538 668 non
551 623 657 668 tantum
671 617 786 668 virtutes
802 631 836 668 ac
850 620 953 670 merita
999 631 1000 688 ξ

153 694 285 760 cuiusque
296 691 378 760 digne
392 697 566 758 prosecutus,
587 692 636 743 scd
650 692 719 742 vitia
734 707 845 762 quoque
861 701 889 744 et
904 689 950 745 de·
999 715 1000 746 t

150 768 230 830 licta,
247 766 381 816 duntaxat
391 766 514 830 modica,
525 782 679 834 perpessus.
717 765 814 834 Neque
825 768 899 818 enim
910 775 950 820 te·
999 753 1000 794 l

150 857 223 892 mere
239 855 273 891 ex
289 841 364 892 omni
377 856 490 892 numero
506 843 535 892 in
551 842 674 893 amicitia
689 841 748 892 eius
763 839 861 892 afflicti
871 859 950 911 repe-

150 917 266 979 rientur,
287 923 396 983 praetor
407 912 593 967 Salvidienum
603 915 717 980 linium,
738 931 819 984 quem
834 917 871 968 ad
883 933 949 969 con-

150 991 270 1041 sulatum
279 1007 375 1060 nsque,
387 997 414 1043 et
425 991 581 1050 Cornelium
593 987 717 1054 Gallum,
729 1007 808 1058 quem
821 991 857 1042 ad
867 1007 948 1060 prae·
999 1045 1000 1048 ,

148 1065 282 1117 lecturam
293 1067 423 1134 Aegypti,
438 1081 471 1118 ex
480 1066 575 1116 infima
584 1071 729 1136 utrumque
739 1064 866 1130 lomina,
882 1083 948 1134 prc-

148 1148 268 1192 vexerat.
310 1141 432 1202 Quorum
453 1141 581 1204 alterum,
607 1157 651 1192 res
670 1154 756 1191 novas
776 1141 946 1206 molientem,

149 1216 332 1266 damnandum
344 1217 452 1267 senatui
461 1215 589 1266 tradidit:
611 1215 704 1278 alteri,
721 1214 757 1265 ob
768 1216 908 1282 ingratum
920 1226 948 1268 et
999 1235 1000 1288 3

147 1289 313 1342 malevolum
324 1291 458 1354 animum,
470 1290 553 1340 domo
565 1296 592 1341 et
602 1290 751 1357 provinciis
762 1291 820 1340 suis
830 1291 946 1342 interdi-
999 1289 1000 1308 ³

147 1365 197 1415 xit.
238 1364 291 1416 Sed
307 1363 389 1416 Gallo
410 1381 518 1432 quoque
537 1372 565 1415 et
584 1372 775 1416 accusatorum
796 1365 945 1418 denuncia-

147 1439 272 1489 tionibus
293 1444 320 1489 et
339 1446 449 1490 senatus
471 1439 604 1491 consultis
626 1440 661 1489 ad
676 1455 770 1490 necem
789 1441 943 1507 compulso,
999 1441 1000 1514 ]

146 1513 272 1565 laudavit
283 1515 391 1581 quidem
402 1517 532 1582 pietatem
542 1520 686 1581 tantopere
696 1529 747 1581 pro
759 1529 788 1566 se
798 1515 943 1582 indignari·
999 1516 1000 1582 ξ

146 1590 229 1640 tium:
246 1595 363 1640 ceterum
375 1598 402 1640 et
412 1590 589 1640 illacrimarit
599 1595 626 1640 et
636 1589 722 1654 vicem
734 1603 812 1640 suam
825 1605 943 1658 conque·
999 1603 1000 1654 j

147 1671 206 1714 stus
217 1669 271 1726 est,
293 1665 362 1729 quod
374 1663 426 1714 etti
438 1663 486 1714 soli
499 1679 551 1714 non
565 1664 666 1726 liceret,
688 1662 792 1726 amicis,
814 1676 943 1730 quatenus
999 1689 1000 1702 π

146 1740 228 1798 uellet,
240 1737 328 1790 irasci.
355 1738 466 1806 Reliqui
475 1739 599 1806 potentia
610 1745 691 1806 atque
703 1741 802 1806 opibus
814 1740 850 1791 ad
862 1741 942 1792 finem
999 1773 1000 1802 ,

146 1814 233 1876 vitae,
258 1813 302 1863 sui
322 1815 453 1883 cuiusque
474 1814 579 1867 ordinis
604 1815 754 1881 principes,
780 1815 940 1879 floruerunt,
999 1843 1000 1876 ι

147 1903 304 1956 quanquam
314 1894 341 1940 et
352 1887 465 1942 offensis
475 1889 726 1944 intervenientibus.
765 1888 942 1942 Desideravit
999 1883 1000 1952 l

147 1964 219 2014 enim
239 1980 446 2032 nonnunquam,
468 1981 501 2016 ne
522 1964 555 2014 de
570 1965 694 2031 pluribus
708 1963 840 2029 referam,
862 1975 890 2017 et
902 1965 939 2016 Μ.
999 1953 1000 2040 l

146 2040 283 2106 Agrippae
294 2041 468 2106 patientiam,
490 2045 517 2089 et
526 2038 695 2089 Maecenatis
709 2040 939 2102 taciturnitatem

147 2129 229 2181 quum
240 2114 288 2164 ille
299 2129 331 2164 ex
342 2114 396 2165 levi
405 2115 519 2181 frigoris
530 2114 695 2179 suspicione,
706 2119 734 2163 et
745 2114 939 2181 quodMarcel-

146 2187 189 2236 lus
204 2188 259 2237 sibi
274 2187 465 2252 anteferretur,
485 2182 636 2254 Mytilenae
650 2204 679 2240 se
693 2188 797 2239 relictis
814 2192 939 2241 omnibns

148 2261 321 2323 contulisset;
342 2261 387 2313 hic
397 2270 530 2316 secretum
542 2262 575 2313 de
587 2263 866 2329 compertall‘lurenae
878 2281 938 2317 con·

145 2336 285 2386 iuratione
304 2339 387 2388 uxori
406 2339 551 2390 Terentiae
575 2337 752 2404 prodidisset.
795 2337 896 2406 Exegit
914 2348 939 2391 ct

145 2413 205 2478 ipse
215 2411 332 2462 invicem
344 2413 378 2462 ab
391 2414 487 2464 aniicis
498 2413 715 2464 benevolentiam
726 2418 863 2478 mutuam,
883 2424 939 2466 tam

146 2501 163 2536 a
178 2485 326 2551 defunctis,
348 2502 429 2554 quam
446 2488 556 2540 avivis.
594 2487 665 2538 Nam
686 2489 810 2555 quamvis
830 2491 939 2540 minime

147 2567 288 2628 appeteret
302 2561 480 2628 hereditates,
500 2570 532 2615 ut
547 2564 595 2630 qui
608 2579 747 2630 nunquam
758 2578 792 2614 ex
802 2564 892 2630 ignoti
902 2572 939 2616 tc-

146 2644 281 2689 stnmento
302 2654 399 2707 capere
419 2640 565 2707 quicquam
590 2639 762 2702 sustinuerit,
789 2640 939 2691 amicornm

146 2717 236 2764 tamen
251 2729 378 2780 suprema
391 2716 495 2767 iudicia
509 2713 697 2766 morosissime
711 2714 872 2782 pensitavit;
895 2731 938 2768 ne·
