2026 3020
127 175 160 227 56
405 179 431 224 e.
456 176 644 225 sennenn

126 303 214 366 faeta,
235 300 376 370 flagitante
387 302 504 370 populo,
527 303 562 376 ob
573 301 737 352 nsterclnsos
753 305 925 353 contineatus

126 377 280 446 famemque
295 378 540 444 ingravescentem
561 375 660 440 donee,
680 377 797 426 navibus
808 392 842 426 ex
853 373 923 428 inte*-

125 467 175 520 gro
191 450 334 502 fabricatis
354 467 387 502 ac
405 451 504 518 viginti
524 466 664 501 servorum
684 451 806 501 millibus
826 467 922 502 manu-

125 528 217 578 missis
228 532 255 577 et
265 526 301 576 ad
311 541 412 576 rentum
425 525 505 588 datis,
517 531 626 592 portum
636 524 734 575 lulium
746 525 920 592 apndBaias‚

125 602 249 654 immisso
260 601 288 650 in
298 598 447 650 Lucrinum
459 606 486 650 et
495 600 630 651 Avernum
644 601 733 651 lacum
749 601 832 664 man',
855 599 921 652 effe-

127 679 173 727 cit.
211 675 242 725 ln
263 691 317 743 qno
340 678 421 742 quum
441 671 529 726 hieme
550 681 610 726 tota
631 676 726 742 copias
742 676 920 739 exercuisset,

125 747 287 818 Pompeirmr
297 749 368 799 inter
378 749 471 816 Mylas
482 756 510 799 ot
519 747 690 800 Naulochum
703 751 855 816 superavit3
868 751 920 800 sub

125 824 222 876 horam
233 839 341 892 pugnae
351 830 407 874 tam
420 829 479 875 orto
491 831 601 891 repente
612 840 708 874 somno
721 824 876 889 devinctus,
889 831 922 874 ut

126 900 161 950 ad
182 897 300 948 dandum
314 899 428 966 signum
450 899 484 948 ab
507 899 602 950 enticis
627 900 801 950 excitaretur.
840 899 921 951 Unde

124 974 277 1044 praebitam
289 974 408 1024 Antonio
420 973 562 1024 materiam
574 981 664 1042 putem
676 973 875 1041 exprobrandi,
888 991 922 1024 ise

125 1048 205 1102 rectis
220 1048 323 1116 quidem
337 1049 417 1100 oculis
432 1065 489 1099 cum
504 1047 619 1115 aspicere
629 1047 746 1114 potuisse
760 1047 922 1099 instructam

126 1125 222 1186 aciem,
241 1140 330 1174 cerem
345 1123 476 1190 supinum,
499 1125 595 1174 coelum
610 1122 764 1184 intuentem,
787 1121 922 1188 stupidum

126 1198 256 1260 cubuisse,
278 1215 325 1249 nec
334 1197 411 1265 prius
425 1197 567 1248 surrexisse
582 1215 614 1250 ec
628 1197 752 1248 militibus
766 1197 794 1248 in
813 1213 918 1264 conspe-

126 1283 196 1326 ctum
210 1272 308 1323 venisse
313 1310 321 1334 ,
343 1287 421 1339 quom
437 1268 503 1322 aM.
516 1270 637 1340 Agrippa
644 1271 764 1342 frugales
777 1271 831 1323 sint
841 1288 921 1322 nores

126 1347 247 1398 besdum.
286 1346 342 1398 Alii
361 1347 463 1396 dictum
484 1345 641 1416 factumque
656 1347 714 1397 eins
730 1347 920 1412 criminantur,

126 1422 206 1490 quasi
230 1420 364 1471 elassibus
389 1426 548 1488 tempestate
576 1419 690 1492 perditis
715 1421 920 1484 exclamaverit,

126 1495 206 1547 etiam
219 1494 301 1547 invito
312 1493 433 1563 Neptuno
448 1495 585 1547 victorium
600 1513 626 1546 se
641 1496 807 1562 adeprturum,
829 1511 862 1546 ac
874 1495 921 1547 die

127 1571 295 1622 Circensium
314 1571 441 1638 proximo
462 1571 589 1622 sollemni
609 1587 725 1638 pompae
741 1570 920 1622 simulacrum

126 1647 171 1697 dei
182 1646 338 1697 detraxerit.
367 1643 425 1695 Nec
435 1650 535 1696 temere
546 1644 625 1713 plura
636 1661 669 1696 ac
678 1647 785 1696 maiora
796 1646 921 1714 pericula

124 1720 183 1771 ullo
196 1719 251 1771 alio
262 1719 335 1770 bello
348 1719 425 1770 adiit.
465 1719 594 1771 '1¹raiccto
608 1721 638 1769 in
649 1719 772 1770 Siciliam
787 1722 920 1783 exercitu,

122 1805 209 1863 'quum
224 1800 330 1864 partem
343 1793 478 1863 reliquam
494 1795 633 1864 copiarum
651 1796 802 1845 continenti
816 1799 920 1863 repete-

125 1867 179 1934 iet,
196 1885 342 1938 oppressus
353 1869 546 1939 exinproviso
560 1885 576 1920 a
586 1868 758 1920 Demochare
769 1877 796 1920 ct
806 1869 920 1938 Apollo-

125 1943 227 2014 phane,
248 1943 395 2015 praefectis
406 1943 543 2013 Pompeii,
564 1961 619 1995 nno
632 1944 739 1994 demum
749 1945 862 2011 navigio
876 1960 920 1994 ao-

125 2022 242 2087 gerrime
253 2019 359 2087 effugit.
397 2018 507 2083 ltenun,
519 2035 600 2087 quum
612 2025 720 2088 praeter
730 2017 838 2070 Locros
850 2017 920 2069 Rhe-

125 2096 199 2160 gium
211 2094 326 2162 pedibus
336 2095 401 2156 iret,
413 2100 441 2144 et
450 2093 603 2162 prospectis
614 2093 763 2144 biremibus
774 2092 920 2161 Pompeia-

125 2169 168 2217 nis
182 2174 283 2218 terram
298 2168 462 2234 legentibus,
484 2183 549 2218 suas
568 2174 656 2232 ratus,
678 2165 864 2219 descendisset
885 2168 920 2218 ad

125 2241 204 2304 litus,
224 2257 310 2309 paene
330 2247 459 2310 exceptus
480 2247 529 2292 est.
569 2241 647 2292 'lime
661 2243 744 2293 etiam
759 2259 807 2310 per
823 2242 919 2293 devios

124 2317 249 2367 tramites
263 2314 440 2382 refugientem
455 2333 548 2368 servus
563 2317 674 2368 Aemilii
683 2315 787 2381 Paulli,
810 2317 919 2368 comitis

126 2392 198 2455 eins,
219 2391 315 2442 dolens
333 2391 516 2460 proscriptum
536 2392 601 2442 olim
617 2393 651 2442 ab
667 2407 700 2443 eo
715 2398 822 2460 patrem
836 2389 918 2441 Paul-

125 2466 194 2531 lum,
216 2472 244 2519 et
258 2466 338 2535 quasi
353 2467 497 2518 occasione
511 2466 625 2518 ultionis
638 2466 744 2531 oblata,
765 2467 918 2517 interlicere

128 2548 242 2592 conatus
253 2547 302 2592 est.
341 2540 409 2592 Post
419 2539 545 2611 Pompeii
558 2541 651 2609 sugam
667 2541 834 2608 collegarum
851 2541 917 2592 aite-

126 2631 199 2681 rum,
213 2614 252 2668 Μ.
264 2615 412 2684 Lepidum,
434 2633 513 2685 quem
524 2633 556 2668 ox
567 2616 661 2667 Africa
670 2618 699 2666 in
711 2617 843 2666 arixilium
855 2633 917 2667 ovo-

127 2696 215 2755 carat,
236 2692 435 2761 superbientem
446 2693 543 2762 viginti
558 2691 695 2760 legionum
711 2691 825 2756 fiducia,
846 2708 916 2743 srrm·
