2044 3028
405 251 497 318 yses
513 249 639 298 rursu
873 249 922 302 ars

128 373 282 428 mirabatur
292 375 396 446 scripta
404 373 513 441 Flacci,
526 381 558 428 ut
567 375 614 427 vix
623 376 753 429 retineret
762 391 804 443 se,
819 377 870 431 lllo
881 395 923 433 re·

130 451 245 518 sitente,
257 467 274 502 a
285 449 417 516 elamore,
429 453 496 522 quin
504 450 556 502 illa
567 467 626 504 esse
635 467 701 504 vera
711 459 840 521 poemata
851 454 923 507 diee-

128 534 178 579 ret.
219 525 287 580 Sero
299 527 429 596 cognovit
439 533 466 578 et
477 525 620 592 Senecam,
641 527 689 580 sed
703 542 758 580 non
772 535 804 582 ut
814 543 923 597 capere·

127 609 173 653 tur
183 603 242 654 eius
252 603 373 669 ingenio.
411 603 483 654 osus
497 609 539 655 est
554 601 628 672 apud
639 603 790 655 Cornutum
805 605 923 656 duorum

128 677 257 729 convictu
271 677 492 729 doctissimorum
507 684 535 729 et
544 678 779 730 sanctissimorum
790 679 922 744 virorum,

128 753 230 804 aeriter
248 759 306 804 tum
326 751 593 821 philosophantium,
615 753 726 805 claudii
739 753 921 821 Agathemeri,

127 828 230 880 medici
242 826 469 891 Lacedaemonii,
491 835 518 880 et
532 826 656 880 Petronii
669 829 848 881 Aristocratls
861 829 922 880 Ma-

127 904 230 970 gnetis,
252 918 322 972 quos
338 904 417 954 unice
430 903 547 954 miratus
561 908 640 954 estet
651 903 817 969 aemulatus,
838 920 922 973 quum

129 977 260 1048 aequales
278 984 380 1043 esseut,
401 984 428 1029 et
447 975 569 1029 Cornuto
588 977 717 1030 minores.
756 977 817 1047 lpse
838 981 922 1031 etlam

128 1053 221 1107 decem
240 1052 298 1104 iere
318 1054 396 1104 annis
415 1069 518 1104 summe
533 1051 649 1104 dilectus
665 1068 682 1103 a
696 1052 782 1106 Paeto
798 1052 923 1105 Thrasea

127 1134 182 1192 est,
197 1129 238 1180 ita
247 1134 279 1179 nt
288 1129 508 1196 peregrinaretur
522 1141 632 1197 quoque
642 1139 704 1179 ¹cum
716 1144 748 1180 eo
761 1128 920 1198 aliquando,

128 1209 274 1271 cognatam
288 1205 347 1254 eius
361 1203 467 1254 Arriam
481 1216 596 1254 uxorem
616 1199 741 1259 habente.
778 1201 845 1255 Fuit
864 1219 921 1256 mo-

126 1293 188 1329 rum
208 1278 422 1342 lenissimorum,
443 1277 623 1330 verecundiae
637 1278 795 1346 virginalis,
815 1278 921 1331 formae

126 1351 267 1421 pulchrae,
278 1353 389 1421 pietatis
400 1367 465 1420 erga
474 1359 590 1404 matrem
600 1359 627 1404 et
637 1368 760 1405 sororem
772 1360 799 1406 et
809 1355 921 1406 amitam

127 1428 252 1497 exemplo
267 1428 435 1479 sufficientis.
473 1425 540 1477 Fuit
555 1426 630 1494 frugi
643 1433 671 1478 et
684 1428 810 1495 pudicus.
848 1428 921 1480 Reli-

128 1505 189 1571 quit
202 1504 277 1554 circa
290 1503 445 1556 sestertium
455 1502 540 1553 vicies
550 1502 632 1553 matn‘
642 1508 670 1554 et
684 1505 788 1566 sorori;
809 1505 920 1572 seriptis

127 1587 219 1631 tamen
234 1579 269 1628 ad
282 1583 396 1629 matrem
412 1577 561 1641 codicillis,
581 1578 692 1644 rogavit
706 1593 778 1642 eam,
799 1585 829 1630 ut
844 1578 922 1630 daret

129 1655 251 1705 Cornuto
262 1654 396 1716 sestertia,
407 1661 438 1705 ut
448 1653 559 1719 quidam
571 1651 679 1718 dicunt,
691 1659 810 1715 centum3
830 1654 922 1704 otalii

127 1729 236 1793 volunt,
258 1729 364 1795 argenti
378 1727 446 1780 iacti
459 1727 552 1795 pondo
566 1728 678 1795 viginti,
699 1735 727 1780 et
744 1728 831 1779 libros
847 1729 921 1779 circa

126 1804 326 1873 septingentos,
347 1803 404 1853 sive
418 1801 614 1854 bibliothecam
625 1817 702 1853 suam
714 1819 829 1854 ornnem.
867 1801 920 1853 Ve-

126 1895 188 1931 rum
199 1879 349 1941 Cornutus,
370 1877 486 1928 sublatis
497 1877 589 1939 libris,
609 1878 753 1942 pecuniam
768 1876 920 1940 sororibus,

127 1969 197 2023 quas
207 1952 293 2006 frater
303 1951 415 2004 heredes
424 1951 535 2015 fecerat,
547 1951 668 2019 reliquit.
687 1950 724 2001 Et
732 1966 796 2003 raro
808 1958 836 2002 et
842 1950 921 2002 tarde

127 2028 247 2096 scripsit.
286 2027 367 2078 Hune
380 2028 470 2095 ipsum
485 2026 585 2076 librum
599 2025 788 2092 imperfectum
799 2027 920 2093 reliquit.

125 2103 231 2155 Versus
242 2103 329 2170 aliqui
340 2102 442 2170 dempti
452 2105 516 2152 sunt
525 2099 623 2151 ultinro
635 2100 712 2163 libri,
733 2106 761 2151 et
770 2103 848 2168 quasi
861 2101 920 2152 fini-

126 2187 172 2232 tus
193 2184 276 2242 esset,
298 2176 393 2228 leviter
412 2175 572 2228 retractavit
593 2175 744 2226 Cornutus:
774 2181 801 2227 et
820 2175 919 2228 Caesio
1012 2219 1013 2254 ι

126 2255 216 2306 Basso
236 2253 351 2320 petenti,
374 2256 406 2302 ut
424 2252 484 2319 ipse
507 2251 612 2314 ederet,
637 2249 754 2301 tradidit
777 2249 919 2302 edendum.
1011 2315 1012 2320 Ἰ

127 2330 282 2396 scripserat
305 2327 388 2378 etiarn
409 2326 439 2376 in
463 2326 582 2394 pueritia
605 2325 722 2377 Flaccus
744 2334 918 2392 praetextam,
1010 2375 1011 2403 Ξ

129 2402 258 2472 [Vescio]
280 2409 307 2453 et
321 2396 509 2466 Ὁὸοιπορικῶν
528 2400 628 2451 librum
647 2417 743 2464 smum,
769 2407 797 2452 et
814 2416 919 2468 paucos

126 2480 210 2531 uxori
224 2476 364 2528 Thraseae
378 2477 407 2528 in
421 2475 528 2525 Arriam
543 2482 658 2527 matrem
671 2491 777 2540 versus,
799 2491 870 2544 quae
889 2493 919 2530 se
1009 2471 1010 2478 ’

128 2561 191 2607 ante
209 2553 299 2604 virum
317 2551 464 2603 occiderat.
505 2549 604 2601 Omnia
624 2557 714 2604 autem
734 2567 767 2602 ea
782 2552 919 2604 Cornutus
1007 2591 1008 2622 p

128 2635 227 2682 auctor
238 2627 294 2679 tuit
306 2628 388 2678 matri
402 2627 461 2677 eius
474 2631 507 2676 ut
521 2626 652 2678 aboleret.
691 2625 802 2677 Editum
818 2626 919 2680 librum
1006 2675 1007 2700 ,

128 2705 258 2756 continuo
270 2703 366 2756 mirari
376 2700 500 2753 homines
511 2706 538 2753 et
548 2701 666 2770 diripere
677 2708 833 2769 coeperunt.
863 2700 918 2756 De·
1005 2743 1006 2773 ,

128 2779 211 2834 cessit
221 2785 310 2830 alitem
321 2777 390 2829 vitio
402 2773 546 2841 stomachi,
558 2792 630 2829 anno
642 2777 741 2830 aetatis
750 2775 876 2830 xxvlll.
