2026 3020
249 269 500 336 normanus.
537 283 726 336 1111-4,
848 277 880 340 it

78 413 144 466 dem
157 413 273 478 Cneius,
290 419 318 464 et
332 413 459 480 deinceps
471 415 504 464 ab
516 429 548 465 en
560 413 661 480 reliqui
672 429 777 478 ornnes,
794 410 882 467 1111011

78 495 146 540 sunt
162 487 317 540 honoribus
333 489 459 540 stanneis:
485 495 514 539 at
529 489 613 539 Caius
633 488 746 556 eiusque
765 493 879 556 posteri,

80 579 131 615 seu
140 563 258 615 fortuna
267 579 317 615 seu
326 564 480 627 voluntate,
496 565 525 614 in
536 565 656 631 equestri
671 565 767 616 ordine
779 567 880 616 consti-

80 645 139 690 tere
150 655 239 705 usque
250 639 285 688 ad
295 639 412 706 Augusti
425 646 539 705 patrem.
578 637 702 690 Proavus
712 640 829 706 Augusti
840 657 880 690 se·

81 714 173 764 cundo
186 713 291 765 Punico
302 714 376 764 bello
394 714 530 780 stipendia
540 715 569 764 in
581 713 677 765 Sicilia
692 715 819 765 tribrmus
829 717 879 765 mi-

80 789 162 838 litum
173 789 253 852 iecit,
265 789 382 839 Aenrilio
393 787 470 854 Papo
481 790 655 856 imperatore.
694 790 780 854 Avus,
791 791 878 841 muni-

82 864 104 912 ci
108 863 221 930 palibus
232 864 399 932 magisteriis
411 869 563 927 contentus,
580 863 736 916 abundante
745 866 877 932 patrimo·

81 939 128 988 nio
140 937 370 1004 tranquillissime
381 939 478 988 senuit.
518 938 571 990 Sed
581 936 650 989 haee
660 939 718 990 alii.
753 941 877 1006 111101111-

82 1019 179 1078 gustus
190 1011 260 1062 nihil
271 1011 388 1078 amplius
404 1027 485 1079 qnam
500 1013 621 1078 equestri
630 1011 738 1062 familia
748 1021 837 1064 ortum
849 1031 878 1065 se

82 1088 193 1150 scribit,
204 1095 295 1138 vetere
307 1101 339 1137 ac
349 1087 499 1154 locuplete,
512 1088 576 1136 etin
588 1101 642 1152 qua
651 1088 755 1152 primus
766 1094 878 1138 senator

82 1169 162 1228 pater
172 1178 238 1212 suus
252 1161 344 1212 fuerit.
382 1161 421 1212 M.
432 1161 567 1212 Antonius
582 1161 740 1212 libertinum
755 1163 782 1213 ei
795 1177 876 1228 proa-

81 1253 145 1286 vum
162 1237 312 1303 exprobrat
326 1238 486 1300 restionem,
508 1253 522 1288 c
543 1252 614 1304 pago
631 1233 769 1299 Thurino3
796 1251 876 1287 avum

83 1313 279 1378 argentarium.
318 1311 375 1362 Nec
391 1311 536 1378 quicquam
551 1313 625 1362 ultra
640 1311 875 1380 (1101101111111-

81 1388 156 1453 gusti
166 1387 319 1437 maioribus
329 1387 428 1453 reperi.

137 1461 185 1511 111.
207 1461 336 1512 Octavius
356 1467 435 1528 pater
456 1476 472 1510 a
491 1461 628 1528 principio
649 1463 747 1513 aetatis
762 1468 790 1514 et
802 1479 832 1514 re
847 1469 875 1514 et

81 1536 274 1588 aestimatione
294 1551 394 1602 magna
414 1534 478 1598 fuit3
501 1542 533 1586 ut
546 1535 671 1602 equidem
686 1537 781 1599 mirer,
802 1535 874 1587 hunc

81 1626 192 1678 quoque
203 1626 220 1660 a
234 1609 373 1662 nonnullis
389 1612 586 1678 argentarium,
609 1616 689 1677 atque
705 1611 787 1661 ctiam
802 1611 874 1662 inter

81 1685 217 1736 diuisores
234 1700 386 1752 operasque
402 1691 566 1753 campestres
580 1686 729 1752 proditrnn.
768 1685 873 1752 Amplis

80 1761 151 1810 enim
162 1759 312 1821 innutritus
325 1761 431 1828 opibus,
438 1758 556 1812 honores
567 1767 594 1812 et
605 1759 719 1828 adeptus
730 1765 771 1811 est
780 1759 872 1824 facile,

79 1843 105 1885 et
115 1835 226 1902 egregie
237 1835 447 1886 administravit.
485 1835 528 1884 Ex
541 1842 670 1902 praetrua
680 1833 873 1886 Macedoniam

79 1911 207 1974 sortitus,
229 1909 374 1978 fugitivos,
395 1909 533 1960 residuam
548 1909 675 1974 Spartaci
695 1913 722 1959 et
737 1909 873 1959 Catilinae

79 2001 198 2048 manum,
210 1983 363 2052 Thurinum
375 1999 470 2051 agrum
481 1990 610 2045 tenentes,
616 1983 645 2032 in
655 1982 752 2032 itinere
763 1982 872 2045 delevit,

79 2059 192 2128 negotio
204 2059 259 2110 sibi
273 2061 302 2110 in
316 2066 413 2110 senatu
423 2065 501 2110 extra
512 2057 634 2108 ordinem
646 2057 720 2106 dato.
759 2055 872 2106 Provin-

81 2136 140 2184 ciae
150 2133 273 2201 praefuit
282 2149 337 2184 101
348 2135 452 2185 minore
463 2133 583 2196 iustitia,
606 2147 686 2198 quam
701 2130 872 2181 fortitudine.

7 2233 9 2238 .
81 2207 219 2276 Namque,
239 2209 334 2259 Bessis
349 2223 382 2260 ae
391 2207 545 2259 Thracibus
560 2223 659 2274 magno
674 2207 783 2273 proelio
793 2205 871 2262 fusis.

80 2284 119 2334 ita
129 2285 223 2334 socios
233 2283 376 2347 tractavit,
397 2289 429 2334 ut
438 2284 572 2350 epistolae
582 2282 621 2332 M.
634 2281 721 2332 Tullii
732 2282 872 2332 Ciceronis

80 2363 197 2422 exstent,
220 2359 320 2428 quibus
336 2359 466 2418 Quintum
486 2358 612 2421 fratrem,
634 2357 731 2408 eodem
749 2362 872 2420 tempore

78 2449 175 2499 pamm
192 2433 313 2484 secunda
327 2431 401 2483 fama
416 2431 640 2500 proconsulatum
655 2431 737 2481 Asiae
756 2427 872 2478 admini-

79 2515 219 2572 strantem,
231 2506 357 2559 hortatur
368 2514 395 2558 et
403 2515 504 2570 monet,
514 2507 635 2558 imitetur
644 2505 673 2555 in
684 2499 872 2571 promerendis

78 2584 161 2634 sociis
172 2583 292 2634 vicinum
304 2599 381 2632 suum
394 2581 546 2632 Octavium.

132 2657 181 2708 111.
202 2655 344 2709 Decedens
352 2656 527 2719 Macedonia,
537 2656 696 2722 priusquam
709 2649 834 2718 profiteri
844 2663 872 2699 se

79 2732 257 2783 candidatum
269 2732 428 2783 consulatus
442 2735 549 2797 posset,
569 2733 657 2779 morte
672 2727 743 2776 obiit
755 2723 873 2790 repenti—

76 2823 122 2874 na,
135 2807 330 2876 superstitibus
346 2805 452 2871 liberis,
475 2803 590 2855 Octavia
604 2801 722 2864 11111011,
744 2813 825 2866 quam
840 2809 872 2847 ex

111 2902 255 2952 suares.
646 2893 667 2940 D
