2036 3022
275 273 478 328 colubros.
514 275 591 326 GAP.
610 273 726 326 21-25.
849 277 899 331 211

98 401 238 473 quosdam
252 397 327 456 novo
343 405 467 473 exemplo
483 403 629 472 relegavit,
649 410 680 455 ut
694 404 768 456 ultra
778 403 898 473 lapidem
951 451 959 458 .

97 481 211 531 tertium
222 485 330 532 vetaret
340 480 434 548 egredi
449 480 484 530 ab
494 479 577 531 Urbe.
616 477 659 530 De
669 480 774 540 maiore
784 483 897 547 negotio

98 560 212 605 seimus
222 555 252 605 in
264 556 351 620 ouria,
363 555 468 608 medius
478 557 550 607 inter
561 555 704 607 consulum
715 555 898 620 sellas,tribu-

97 629 172 680 nicio
185 629 319 682 subsellio
332 629 453 682 sedebat.
494 631 682 695 commeatus,
704 646 721 680 a
735 637 832 682 senatu
841 633 899 700 peti

98 703 207 769 solitos,
218 705 348 756 beneficii
358 707 402 756 sui
412 706 486 757 iecit.

153 778 256 831 xxiv.
278 780 445 831 Ornamenta
461 781 618 833 consularia
638 782 719 832 etiam
735 789 896 851 procurato-

13 907 20 916 ,
97 855 175 907 ribus
196 854 354 906 ducenariis
374 855 497 907 indulsit.
538 856 711 908 senatoriam
736 857 896 926 dignitatem

97 929 305 994 recusantibus,
332 937 483 999 equestrem
511 948 619 999 quoque
645 932 755 984 ademit.
794 933 895 985 Latum

99 1005 219 1069 olavum,
236 1007 362 1072 quamvis
372 1006 452 1056 initio
465 1007 639 1070 affirmasset,
658 1021 714 1056 non
724 1006 856 1058 lecturum
867 1025 896 1060 so

98 1085 269 1144 senatorem,
290 1080 345 1130 nisi
357 1079 424 1132 civis
434 1081 553 1132 Romani
568 1082 743 1147 abnepotem,
765 1082 847 1133 etiam
864 1083 897 1132 li-

97 1154 201 1205 bertini
210 1153 392 1217 liliotribuit5
413 1156 461 1206 sed
472 1158 522 1207 sub
538 1156 709 1219 conditione,
731 1157 755 1206 si
770 1157 846 1223 prius
862 1157 896 1207 ab

98 1231 192 1296 equite
202 1228 331 1281 Romano
344 1229 492 1299 adoptatus
503 1237 583 1282 esset.
623 1231 660 1282 ric
676 1231 716 1281 sic
732 1247 841 1298 quoque
856 1247 896 1282 re-

96 1303 310 1372 prehensionem
320 1321 416 1356 verens
421 1345 428 1370 ,
450 1315 477 1356 et
486 1307 603 1375 Appium
615 1307 732 1358 Caecum
749 1311 897 1369 censorem,

97 1380 206 1446 generis
219 1377 264 1431 sui
274 1386 481 1448 prosuctorem‚
494 1381 685 1432 libertinorum
697 1380 770 1432 filios
780 1382 809 1432 in
820 1397 898 1432 sena-

94 1461 154 1504 tum
171 1451 301 1522 allegisse
318 1455 425 1518 docuit5
444 1457 572 1523 ignarus,
593 1456 763 1526 temporibus
773 1457 856 1526 Appii
871 1461 898 1506 et

96 1529 227 1598 deinceps
239 1527 413 1596 aliquamdiu
422 1529 556 1582 libertinos
567 1530 656 1583 dictos
666 1547 721 1582 non
736 1533 827 1599 ipsos,
849 1531 897 1598 qui
916 1591 917 1596 ¹
939 1595 942 1601 .

95 1605 394 1668 manumitterentur,
416 1605 464 1656 sed
478 1607 612 1674 ingenuos
627 1621 660 1658 ex
671 1603 714 1656 his
725 1611 895 1673 procreatos.

96 1679 225 1747 collegio
242 1685 420 1748 quaestorum
434 1696 484 1747 pro
501 1687 622 1732 stratura
636 1682 742 1732 viarum
757 1681 895 1749 gladiato-

93 1769 156 1805 rum
167 1769 269 1805 mnnus
278 1754 412 1816 iniunxit3
429 1755 605 1822 detractaque
617 1755 738 1808 Ostiensi
748 1763 775 1808 et
786 1755 896 1807 Gallica

93 1829 251 1898 provincia,
265 1844 359 1881 curam
371 1829 472 1891 aerarii
483 1828 596 1880 Saturni
605 1830 737 1894 reddidit,
749 1846 830 1898 quam
841 1845 895 1879 me·

94 1903 142 1956 dio
163 1910 291 1973 tempore
311 1909 466 1970 praetores,
488 1909 536 1955 aut
554 1903 649 1970 utique
668 1909 746 1967 tunc,
766 1908 896 1970 praetura

91 1979 184 2032 functi
202 1976 400 2030 sustinuerant.
440 1975 631 2044 Triumphalia
651 1983 811 2028 ornamenta
826 1977 895 2026 Silu-

93 2071 144 2119 no,
161 2053 238 2105 tiliae
250 2068 317 2104 suae
329 2067 444 2121 sponso,
460 2052 581 2104 nondum
592 2051 689 2119 puberi
701 2051 788 2113 dedit;
809 2051 895 2102 maio-

92 2129 172 2181 ribus
183 2144 251 2181 vero
263 2132 332 2178 natu
341 2132 398 2178 tam
409 2127 512 2192 multis,
518 2134 628 2195 tamque
639 2127 767 2192 facilem
777 2127 896 2195 epistola

94 2204 237 2256 communi
247 2202 387 2270 legionum
399 2202 508 2254 nomine
519 2203 667 2268 exstiterit,
683 2203 844 2272 petentium,
865 2211 897 2253 ut

92 2280 191 2348 legat-is
202 2275 385 2331 eorrsularibue
396 2273 474 2325 simul
486 2293 544 2328 curn
561 2278 677 2330 exercitu
687 2287 712 2329 el
724 2276 895 2344 triumphalia

92 2355 233 2416 darentur,
246 2368 279 2402 ne
291 2365 398 2401 caueam
409 2363 510 2414 quoquo
521 2352 595 2402 ruodo
607 2351 666 2404 betti
674 2359 837 2418 quaererent.
872 2351 894 2399 ri

92 2429 207 2480 Plautio
226 2427 312 2478 etiarn
329 2423 484 2474 ovationem
502 2425 635 2489 decrevit3
654 2429 833 2493 ingressoque
844 2423 894 2473 Ur-

91 2505 154 2556 bem
166 2503 282 2555 obviam
298 2511 473 2566 progressus,
495 2505 522 2550 et
535 2500 564 2551 in
576 2500 744 2568 Capitolium
759 2497 846 2558 eunti,
868 2503 895 2547 et

90 2579 156 2632 inde
167 2589 268 2630 rursus
279 2572 426 2624 revertenti
436 2570 508 2623 latur
518 2576 595 2626 texit.
626 2574 746 2626 Gabinio
758 2570 893 2636 Secundo,

91 2653 227 2715 Chaucis,
258 2653 339 2716 gente
364 2645 543 2711 Germanica,
568 2649 716 2715 superatis,
743 2657 894 2724 cognomen

91 2729 231 2785 &aurius
241 2734 377 2790 usurpare
389 2721 532 2772 concessit.

145 2801 240 2860 XXV.
261 2799 411 2868 Equestres
430 2795 544 2850 militias
560 2797 601 2849 ita
616 2795 767 2862 ordinavit,
787 2797 818 2846 ut
831 2801 895 2864 por*

643 2893 689 2938 02
