<?xml version="1.0" encoding="UTF-8"?>
<!DOCTYPE html PUBLIC "-//W3C//DTD XHTML 1.0 Transitional//EN"
    "http://www.w3.org/TR/xhtml1/DTD/xhtml1-transitional.dtd">
<html xmlns="http://www.w3.org/1999/xhtml" xml:lang="en" lang="en">
 <head>
  <title>
</title>
<meta http-equiv="Content-Type" content="text/html;charset=utf-8" />
  <meta name='ocr-system' content='tesseract 3.04.00' />
  <meta name='ocr-capabilities' content='ocr_page ocr_carea ocr_par ocr_line ocrx_word'/>
</head>
<body>
  <div class='ocr_page' id='page_1' title='image "./csuetoniitranqu05suetgoog_0039.png"; bbox 0 0 2026 3020; ppageno 0'>
   <div class='ocr_carea' id='block_1_1' title="bbox 211 189 923 278">
    <p class='ocr_par' dir='ltr' id='par_1_1' title="bbox 211 189 923 278">
     <span class='ocr_line' id='line_1_1' title="bbox 211 189 923 278; baseline 0.01 -20"><span class='ocrx_word' id='word_1_1' title='bbox 211 209 339 260; x_wconf 77' lang='lat' dir='ltr'><strong>rursus</strong></span> <span class='ocrx_word' id='word_1_2' title='bbox 366 209 518 260; x_wconf 74' lang='lat' dir='ltr'><strong>classa</strong></span> <span class='ocrx_word' id='word_1_3' title='bbox 555 212 768 264; x_wconf 79' lang='lat' dir='ltr'><strong>cnr.ss-ss</strong></span> <span class='ocrx_word' id='word_1_4' title='bbox 840 189 888 265; x_wconf 69' lang='lat' dir='ltr'><strong>aa</strong></span> <span class='ocrx_word' id='word_1_5' title='bbox 921 271 923 278; x_wconf 63' lang='grc'><strong>,</strong></span> 
     </span>
    </p>
   </div>
   <div class='ocr_carea' id='block_1_2' title="bbox 92 336 895 2129">
    <p class='ocr_par' dir='ltr' id='par_1_2' title="bbox 92 336 895 1590">
     <span class='ocr_line' id='line_1_2' title="bbox 95 336 889 406; baseline -0.001 -14"><span class='ocrx_word' id='word_1_6' title='bbox 95 342 227 392; x_wconf 80' lang='lat' dir='ltr'><strong>constans</strong></span> <span class='ocrx_word' id='word_1_7' title='bbox 238 336 332 404; x_wconf 87' lang='lat' dir='ltr'><strong>opinio</strong></span> <span class='ocrx_word' id='word_1_8' title='bbox 344 341 393 401; x_wconf 83' lang='lat' dir='ltr'><strong>est,</strong></span> <span class='ocrx_word' id='word_1_9' title='bbox 405 337 592 406; x_wconf 86' lang='lat' dir='ltr'><strong>plurimasque</strong></span> <span class='ocrx_word' id='word_1_10' title='bbox 603 344 631 392; x_wconf 89' lang='lat' dir='ltr'><strong>st</strong></span> <span class='ocrx_word' id='word_1_11' title='bbox 639 337 762 390; x_wconf 80' lang='lat' dir='ltr'><strong>illustres</strong></span> <span class='ocrx_word' id='word_1_12' title='bbox 772 337 889 392; x_wconf 87' lang='lat' dir='ltr'><strong>lemiuas</strong></span> 
     </span>
     <span class='ocr_line' id='line_1_3' title="bbox 95 411 888 482; baseline 0 -16"><span class='ocrx_word' id='word_1_13' title='bbox 95 413 265 480; x_wconf 87' lang='lat' dir='ltr'><strong>corrupisse;</strong></span> <span class='ocrx_word' id='word_1_14' title='bbox 294 413 323 462; x_wconf 93' lang='lat' dir='ltr'><strong>in</strong></span> <span class='ocrx_word' id='word_1_15' title='bbox 344 413 443 480; x_wconf 87' lang='lat' dir='ltr'><strong>quibus</strong></span> <span class='ocrx_word' id='word_1_16' title='bbox 462 411 634 481; x_wconf 80' lang='lat' dir='ltr'><strong>Postumiam</strong></span> <span class='ocrx_word' id='word_1_17' title='bbox 655 413 744 466; x_wconf 86' lang='lat' dir='ltr'><strong>Servii</strong></span> <span class='ocrx_word' id='word_1_18' title='bbox 764 413 888 482; x_wconf 83' lang='lat' dir='ltr'>Sulpicii,</span> 
     </span>
     <span class='ocr_line' id='line_1_4' title="bbox 94 486 889 553; baseline -0.003 -12"><span class='ocrx_word' id='word_1_19' title='bbox 94 489 219 541; x_wconf 84' lang='lat' dir='ltr'><strong>Lolliam</strong></span> <span class='ocrx_word' id='word_1_20' title='bbox 233 486 296 538; x_wconf 79' lang='lat' dir='ltr'><strong>suli</strong></span> <span class='ocrx_word' id='word_1_21' title='bbox 310 486 437 551; x_wconf 84' lang='lat' dir='ltr'><strong>Gabinii,</strong></span> <span class='ocrx_word' id='word_1_22' title='bbox 456 487 608 540; x_wconf 80' lang='lat' dir='ltr'>Tertullam</span> <span class='ocrx_word' id='word_1_23' title='bbox 623 489 662 540; x_wconf 85' lang='grc' dir='ltr'><strong>Μ.</strong></span> <span class='ocrx_word' id='word_1_24' title='bbox 679 489 784 553; x_wconf 83' lang='lat' dir='ltr'><strong>Crassi,</strong></span> <span class='ocrx_word' id='word_1_25' title='bbox 807 490 889 541; x_wconf 85' lang='lat' dir='ltr'><strong>ctiam</strong></span> 
     </span>
     <span class='ocr_line' id='line_1_5' title="bbox 95 561 889 631; baseline 0 -17"><span class='ocrx_word' id='word_1_26' title='bbox 95 566 144 615; x_wconf 86' lang='lat' dir='ltr'><strong>Gn.</strong></span> <span class='ocrx_word' id='word_1_27' title='bbox 156 561 282 628; x_wconf 88' lang='lat' dir='ltr'><strong>Pompeii</strong></span> <span class='ocrx_word' id='word_1_28' title='bbox 289 561 438 612; x_wconf 66' lang='lat' dir='ltr'><strong>Muciam:</strong></span> <span class='ocrx_word' id='word_1_29' title='bbox 461 563 533 614; x_wconf 89' lang='lat' dir='ltr'><strong>Nam</strong></span> <span class='ocrx_word' id='word_1_30' title='bbox 544 570 616 616; x_wconf 87' lang='lat' dir='ltr'><strong>certe</strong></span> <span class='ocrx_word' id='word_1_31' title='bbox 626 563 760 631; x_wconf 90' lang='lat' dir='ltr'><strong>Pompeio</strong></span> <span class='ocrx_word' id='word_1_32' title='bbox 772 569 799 615; x_wconf 90' lang='lat' dir='ltr'><strong>et</strong></span> <span class='ocrx_word' id='word_1_33' title='bbox 810 579 826 614; x_wconf 89' lang='grc'><strong>0</strong></span> <span class='ocrx_word' id='word_1_34' title='bbox 838 563 889 614; x_wconf 85' lang='lat' dir='ltr'><strong>Cu-</strong></span> 
     </span>
     <span class='ocr_line' id='line_1_6' title="bbox 93 637 888 706; baseline -0.003 -15"><span class='ocrx_word' id='word_1_35' title='bbox 93 638 221 691; x_wconf 76' lang='lat' dir='ltr'><strong>tionibus</strong></span> <span class='ocrx_word' id='word_1_36' title='bbox 229 642 309 704; x_wconf 87' lang='lat' dir='ltr'><strong>patre</strong></span> <span class='ocrx_word' id='word_1_37' title='bbox 319 641 348 688; x_wconf 88' lang='lat' dir='ltr'><strong>et</strong></span> <span class='ocrx_word' id='word_1_38' title='bbox 357 637 429 701; x_wconf 87' lang='grc'><strong>11110,</strong></span> <span class='ocrx_word' id='word_1_39' title='bbox 445 643 473 689; x_wconf 88' lang='grc'><strong>01</strong></span> <span class='ocrx_word' id='word_1_40' title='bbox 487 653 503 688; x_wconf 88' lang='grc'><strong>0</strong></span> <span class='ocrx_word' id='word_1_41' title='bbox 517 639 611 690; x_wconf 88' lang='lat' dir='ltr'><strong>multis</strong></span> <span class='ocrx_word' id='word_1_42' title='bbox 627 640 823 706; x_wconf 83' lang='lat' dir='ltr'><strong>exprobratum</strong></span> <span class='ocrx_word' id='word_1_43' title='bbox 839 644 888 702; x_wconf 90' lang='lat' dir='ltr'><strong>est,</strong></span> 
     </span>
     <span class='ocr_line' id='line_1_7' title="bbox 95 711 887 784; baseline -0.001 -19"><span class='ocrx_word' id='word_1_44' title='bbox 95 713 175 782; x_wconf 81' lang='lat' dir='ltr'><strong>pund,</strong></span> <span class='ocrx_word' id='word_1_45' title='bbox 196 711 271 764; x_wconf 83' lang='lat' dir='ltr'><strong>cuius</strong></span> <span class='ocrx_word' id='word_1_46' title='bbox 285 725 366 763; x_wconf 83' lang='lat' dir='ltr'><strong>sousa</strong></span> <span class='ocrx_word' id='word_1_47' title='bbox 377 721 439 778; x_wconf 82' lang='lat' dir='ltr'><strong>post</strong></span> <span class='ocrx_word' id='word_1_48' title='bbox 452 721 504 764; x_wconf 83' lang='lat' dir='ltr'><strong>tres</strong></span> <span class='ocrx_word' id='word_1_49' title='bbox 517 713 610 765; x_wconf 81' lang='lat' dir='ltr'><strong>liberos</strong></span> <span class='ocrx_word' id='word_1_50' title='bbox 625 713 755 784; x_wconf 83' lang='lat' dir='ltr'><strong>exegisset</strong></span> <span class='ocrx_word' id='word_1_51' title='bbox 770 730 887 776; x_wconf 83' lang='lat' dir='ltr'><strong>uxorem,</strong></span> 
     </span>
     <span class='ocr_line' id='line_1_8' title="bbox 94 785 889 856; baseline -0.003 -16"><span class='ocrx_word' id='word_1_52' title='bbox 94 799 121 842; x_wconf 84' lang='lat' dir='ltr'><strong>et</strong></span> <span class='ocrx_word' id='word_1_53' title='bbox 134 803 209 854; x_wconf 78' lang='lat' dir='ltr'><strong>quem</strong></span> <span class='ocrx_word' id='word_1_54' title='bbox 222 802 330 856; x_wconf 78' lang='lat' dir='ltr'><strong>gerseus</strong></span> <span class='ocrx_word' id='word_1_55' title='bbox 340 785 496 854; x_wconf 74' lang='lat' dir='ltr'><strong>Aegisthum</strong></span> <span class='ocrx_word' id='word_1_56' title='bbox 511 791 640 856; x_wconf 81' lang='lat' dir='ltr'><strong>appellere</strong></span> <span class='ocrx_word' id='word_1_57' title='bbox 655 797 812 851; x_wconf 71' lang='lat' dir='ltr'><em>consuesset,</em></span> <span class='ocrx_word' id='word_1_58' title='bbox 835 787 889 841; x_wconf 81' lang='lat' dir='ltr'><strong>eius</strong></span> 
     </span>
     <span class='ocr_line' id='line_1_9' title="bbox 92 861 888 932; baseline -0.001 -17"><span class='ocrx_word' id='word_1_59' title='bbox 92 873 183 932; x_wconf 83' lang='lat' dir='ltr'><strong>pastea</strong></span> <span class='ocrx_word' id='word_1_60' title='bbox 190 861 282 932; x_wconf 77' lang='lat' dir='ltr'><strong>filiam</strong></span> <span class='ocrx_word' id='word_1_61' title='bbox 291 861 427 928; x_wconf 75' lang='lat' dir='ltr'><strong>potentius</strong></span> <span class='ocrx_word' id='word_1_62' title='bbox 442 863 585 929; x_wconf 77' lang='lat' dir='ltr'><strong>cupiditate</strong></span> <span class='ocrx_word' id='word_1_63' title='bbox 599 864 628 915; x_wconf 84' lang='lat' dir='ltr'><strong>in</strong></span> <span class='ocrx_word' id='word_1_64' title='bbox 641 865 837 917; x_wconf 77' lang='lat' dir='ltr'><strong><em>matrimonium</em></strong></span> <span class='ocrx_word' id='word_1_65' title='bbox 848 881 888 914; x_wconf 88' lang='lat' dir='ltr'><strong>re·</strong></span> 
     </span>
     <span class='ocr_line' id='line_1_10' title="bbox 95 937 887 1006; baseline -0.006 -14"><span class='ocrx_word' id='word_1_66' title='bbox 95 937 211 1006; x_wconf 75' lang='lat' dir='ltr'><strong>cepisset.</strong></span> <span class='ocrx_word' id='word_1_67' title='bbox 251 937 306 989; x_wconf 82' lang='lat' dir='ltr'><strong>Sed</strong></span> <span class='ocrx_word' id='word_1_68' title='bbox 326 943 389 988; x_wconf 85' lang='lat' dir='ltr'><strong>ante</strong></span> <span class='ocrx_word' id='word_1_69' title='bbox 409 938 479 988; x_wconf 88' lang='lat' dir='ltr'><strong>alias</strong></span> <span class='ocrx_word' id='word_1_70' title='bbox 500 937 597 989; x_wconf 86' lang='lat' dir='ltr'><strong>dilexit</strong></span> <span class='ocrx_word' id='word_1_71' title='bbox 616 939 655 990; x_wconf 88' lang='lat' dir='ltr'><strong>M.</strong></span> <span class='ocrx_word' id='word_1_72' title='bbox 675 939 754 990; x_wconf 82' lang='lat' dir='ltr'><strong>Bruti</strong></span> <span class='ocrx_word' id='word_1_73' title='bbox 773 945 887 990; x_wconf 85' lang='lat' dir='ltr'><strong>matrem</strong></span> 
     </span>
     <span class='ocr_line' id='line_1_11' title="bbox 96 1007 895 1079; baseline -0.005 -13"><span class='ocrx_word' id='word_1_74' title='bbox 96 1013 253 1066; x_wconf 83' lang='lat' dir='ltr'><strong>Serviliam:</strong></span> <span class='ocrx_word' id='word_1_75' title='bbox 284 1012 330 1062; x_wconf 85' lang='lat' dir='ltr'><strong>cui</strong></span> <span class='ocrx_word' id='word_1_76' title='bbox 349 1018 376 1062; x_wconf 89' lang='lat' dir='ltr'><strong>et</strong></span> <span class='ocrx_word' id='word_1_77' title='bbox 394 1013 521 1078; x_wconf 85' lang='lat' dir='ltr'><strong>proximo</strong></span> <span class='ocrx_word' id='word_1_78' title='bbox 538 1027 588 1064; x_wconf 90' lang='lat' dir='ltr'><strong>suo</strong></span> <span class='ocrx_word' id='word_1_79' title='bbox 605 1013 750 1063; x_wconf 82' lang='lat' dir='ltr'><strong>consulatu</strong></span> <span class='ocrx_word' id='word_1_80' title='bbox 764 1007 895 1079; x_wconf 77' lang='lat' dir='ltr'><strong>sexagies</strong></span> 
     </span>
     <span class='ocr_line' id='line_1_12' title="bbox 95 1086 888 1154; baseline -0.008 -14"><span class='ocrx_word' id='word_1_81' title='bbox 95 1088 226 1142; x_wconf 80' lang='lat' dir='ltr'><strong>sestertio</strong></span> <span class='ocrx_word' id='word_1_82' title='bbox 234 1086 413 1154; x_wconf 79' lang='lat' dir='ltr'><strong>margaritum</strong></span> <span class='ocrx_word' id='word_1_83' title='bbox 422 1092 560 1138; x_wconf 89' lang='lat' dir='ltr'><strong>mercatus</strong></span> <span class='ocrx_word' id='word_1_84' title='bbox 572 1093 624 1151; x_wconf 86' lang='lat' dir='ltr'><strong>est,</strong></span> <span class='ocrx_word' id='word_1_85' title='bbox 637 1093 664 1138; x_wconf 87' lang='lat' dir='ltr'><strong>et</strong></span> <span class='ocrx_word' id='word_1_86' title='bbox 672 1086 746 1140; x_wconf 89' lang='lat' dir='ltr'><strong>bello</strong></span> <span class='ocrx_word' id='word_1_87' title='bbox 760 1087 834 1138; x_wconf 85' lang='lat' dir='ltr'><strong>civili</strong></span> <span class='ocrx_word' id='word_1_88' title='bbox 846 1102 888 1136; x_wconf 88' lang='lat' dir='ltr'><strong>su-</strong></span> 
     </span>
     <span class='ocr_line' id='line_1_13' title="bbox 95 1161 889 1232; baseline -0.004 -16"><span class='ocrx_word' id='word_1_89' title='bbox 95 1180 144 1232; x_wconf 84' lang='lat' dir='ltr'><strong>per</strong></span> <span class='ocrx_word' id='word_1_90' title='bbox 155 1164 226 1214; x_wconf 84' lang='lat' dir='ltr'><strong>alias</strong></span> <span class='ocrx_word' id='word_1_91' title='bbox 241 1161 405 1213; x_wconf 85' lang='lat' dir='ltr'><strong>dona-tiones</strong></span> <span class='ocrx_word' id='word_1_92' title='bbox 421 1163 591 1228; x_wconf 89' lang='lat' dir='ltr'><strong>amplissima</strong></span> <span class='ocrx_word' id='word_1_93' title='bbox 605 1162 721 1230; x_wconf 88' lang='lat' dir='ltr'><strong>praedia</strong></span> <span class='ocrx_word' id='word_1_94' title='bbox 735 1162 889 1214; x_wconf 72' lang='grc'><strong>0110110110-</strong></span> 
     </span>
     <span class='ocr_line' id='line_1_14' title="bbox 94 1236 889 1305; baseline -0.004 -15"><span class='ocrx_word' id='word_1_95' title='bbox 94 1240 176 1290; x_wconf 86' lang='lat' dir='ltr'><strong>nibus</strong></span> <span class='ocrx_word' id='word_1_96' title='bbox 186 1236 283 1288; x_wconf 87' lang='lat' dir='ltr'><strong>bastae</strong></span> <span class='ocrx_word' id='word_1_97' title='bbox 293 1251 403 1287; x_wconf 88' lang='lat' dir='ltr'><strong>nummo</strong></span> <span class='ocrx_word' id='word_1_98' title='bbox 416 1237 534 1288; x_wconf 83' lang='lat' dir='ltr'><strong>addixit:</strong></span> <span class='ocrx_word' id='word_1_99' title='bbox 556 1252 638 1304; x_wconf 90' lang='lat' dir='ltr'><strong>quum</strong></span> <span class='ocrx_word' id='word_1_100' title='bbox 653 1237 775 1304; x_wconf 89' lang='lat' dir='ltr'><strong>quidem,</strong></span> <span class='ocrx_word' id='word_1_101' title='bbox 791 1238 889 1305; x_wconf 54' lang='grc' dir='ltr'><strong>1110110-γ</strong></span> 
     </span>
     <span class='ocr_line' id='line_1_15' title="bbox 95 1309 889 1382; baseline -0.004 -17"><span class='ocrx_word' id='word_1_102' title='bbox 95 1329 149 1382; x_wconf 89' lang='lat' dir='ltr'><strong>que</strong></span> <span class='ocrx_word' id='word_1_103' title='bbox 162 1313 296 1364; x_wconf 82' lang='lat' dir='ltr'><strong>vilitatem</strong></span> <span class='ocrx_word' id='word_1_104' title='bbox 317 1309 492 1376; x_wconf 68' lang='lat' dir='ltr'><strong>subantibus,</strong></span> <span class='ocrx_word' id='word_1_105' title='bbox 513 1312 680 1364; x_wconf 84' lang='lat' dir='ltr'><strong>facetissime</strong></span> <span class='ocrx_word' id='word_1_106' title='bbox 696 1313 807 1376; x_wconf 84' lang='lat' dir='ltr'><strong>Cicero,</strong></span> <span class='ocrx_word' id='word_1_107' title='bbox 831 1312 889 1377; x_wconf 82' lang='lat' dir='ltr'><strong>Quo</strong></span> 
     </span>
     <span class='ocr_line' id='line_1_16' title="bbox 94 1385 889 1455; baseline -0.004 -15"><span class='ocrx_word' id='word_1_108' title='bbox 94 1387 199 1450; x_wconf 70' lang='lat' dir='ltr'><strong>enclim,</strong></span> <span class='ocrx_word' id='word_1_109' title='bbox 219 1387 321 1455; x_wconf 86' lang='lat' dir='ltr'><strong>iuquit,</strong></span> <span class='ocrx_word' id='word_1_110' title='bbox 343 1395 456 1454; x_wconf 78' lang='lat' dir='ltr'><strong>emplum</strong></span> <span class='ocrx_word' id='word_1_111' title='bbox 470 1386 573 1449; x_wconf 81' lang='lat' dir='ltr'><strong>scietis,</strong></span> <span class='ocrx_word' id='word_1_112' title='bbox 598 1385 691 1438; x_wconf 76' lang='lat' dir='ltr'><strong>Tertia</strong></span> <span class='ocrx_word' id='word_1_113' title='bbox 711 1388 821 1440; x_wconf 82' lang='lat' dir='ltr'><strong>deducta</strong></span> <span class='ocrx_word' id='word_1_114' title='bbox 837 1397 889 1438; x_wconf 83' lang='lat' dir='ltr'><strong>est:</strong></span> 
     </span>
     <span class='ocr_line' id='line_1_17' title="bbox 94 1461 888 1516; baseline -0.004 -1"><span class='ocrx_word' id='word_1_115' title='bbox 94 1463 305 1516; x_wconf 79' lang='lat' dir='ltr'><strong>existimabatur</strong></span> <span class='ocrx_word' id='word_1_116' title='bbox 320 1462 391 1513; x_wconf 82' lang='lat' dir='ltr'><strong>euim</strong></span> <span class='ocrx_word' id='word_1_117' title='bbox 407 1461 524 1513; x_wconf 82' lang='lat' dir='ltr'><strong>Servilia</strong></span> <span class='ocrx_word' id='word_1_118' title='bbox 539 1461 620 1513; x_wconf 87' lang='lat' dir='ltr'><strong>etiam</strong></span> <span class='ocrx_word' id='word_1_119' title='bbox 637 1463 722 1512; x_wconf 89' lang='lat' dir='ltr'><strong>liliam</strong></span> <span class='ocrx_word' id='word_1_120' title='bbox 734 1477 811 1514; x_wconf 89' lang='lat' dir='ltr'><strong>suam</strong></span> <span class='ocrx_word' id='word_1_121' title='bbox 823 1465 888 1514; x_wconf 79' lang='lat' dir='ltr'><strong>&#39;l&#39;er-</strong></span> 
     </span>
     <span class='ocr_line' id='line_1_18' title="bbox 93 1536 456 1590; baseline -0.006 0"><span class='ocrx_word' id='word_1_122' title='bbox 93 1541 162 1590; x_wconf 83' lang='lat' dir='ltr'><strong>tiam</strong></span> <span class='ocrx_word' id='word_1_123' title='bbox 174 1537 288 1590; x_wconf 79' lang='lat' dir='ltr'><strong>Caesari</strong></span> <span class='ocrx_word' id='word_1_124' title='bbox 299 1536 456 1588; x_wconf 87' lang='lat' dir='ltr'><strong>conciliare.</strong></span> 
     </span>
    </p>

    <p class='ocr_par' dir='ltr' id='par_1_3' title="bbox 93 1609 889 1830">
     <span class='ocr_line' id='line_1_19' title="bbox 150 1609 887 1681; baseline 0 -19"><span class='ocrx_word' id='word_1_125' title='bbox 150 1613 199 1664; x_wconf 87' lang='lat' dir='ltr'><strong>Ll.</strong></span> <span class='ocrx_word' id='word_1_126' title='bbox 219 1612 260 1664; x_wconf 86' lang='lat' dir='ltr'><strong>Ne</strong></span> <span class='ocrx_word' id='word_1_127' title='bbox 274 1611 491 1679; x_wconf 83' lang='lat' dir='ltr'><strong>prouincialibus</strong></span> <span class='ocrx_word' id='word_1_128' title='bbox 505 1613 614 1681; x_wconf 88' lang='lat' dir='ltr'><strong>quidem</strong></span> <span class='ocrx_word' id='word_1_129' title='bbox 630 1609 814 1674; x_wconf 84' lang='lat' dir='ltr'><strong>matrimoniis</strong></span> <span class='ocrx_word' id='word_1_130' title='bbox 827 1611 887 1662; x_wconf 88' lang='lat' dir='ltr'><strong>abs-</strong></span> 
     </span>
     <span class='ocr_line' id='line_1_20' title="bbox 93 1685 889 1756; baseline -0.004 -16"><span class='ocrx_word' id='word_1_131' title='bbox 93 1689 223 1752; x_wconf 83' lang='lat' dir='ltr'><strong>tinuisse,</strong></span> <span class='ocrx_word' id='word_1_132' title='bbox 244 1688 288 1738; x_wconf 89' lang='lat' dir='ltr'><strong>vel</strong></span> <span class='ocrx_word' id='word_1_133' title='bbox 305 1685 359 1738; x_wconf 87' lang='lat' dir='ltr'><strong>hoc</strong></span> <span class='ocrx_word' id='word_1_134' title='bbox 377 1686 496 1738; x_wconf 89' lang='lat' dir='ltr'><strong>disticho</strong></span> <span class='ocrx_word' id='word_1_135' title='bbox 512 1693 639 1754; x_wconf 88' lang='lat' dir='ltr'><strong>apparet,</strong></span> <span class='ocrx_word' id='word_1_136' title='bbox 654 1688 758 1738; x_wconf 86' lang='lat' dir='ltr'><strong>iactato</strong></span> <span class='ocrx_word' id='word_1_137' title='bbox 776 1703 889 1756; x_wconf 79' lang='lat' dir='ltr'><strong>aeques</strong></span> 
     </span>
     <span class='ocr_line' id='line_1_21' title="bbox 93 1761 627 1830; baseline -0.006 -15"><span class='ocrx_word' id='word_1_138' title='bbox 93 1764 230 1815; x_wconf 82' lang='lat' dir='ltr'><strong>militibus</strong></span> <span class='ocrx_word' id='word_1_139' title='bbox 240 1775 290 1829; x_wconf 87' lang='lat' dir='ltr'><strong>per</strong></span> <span class='ocrx_word' id='word_1_140' title='bbox 301 1761 437 1812; x_wconf 84' lang='lat' dir='ltr'><strong>Gallicum</strong></span> <span class='ocrx_word' id='word_1_141' title='bbox 448 1762 627 1830; x_wconf 87' lang='lat' dir='ltr'><strong>triumphum:</strong></span> 
     </span>
    </p>

    <p class='ocr_par' dir='ltr' id='par_1_4' title="bbox 115 1834 887 1980">
     <span class='ocr_line' id='line_1_22' title="bbox 117 1834 887 1900; baseline -0.005 -10"><span class='ocrx_word' id='word_1_142' title='bbox 117 1838 231 1900; x_wconf 78' lang='lat' dir='ltr'><strong>Urbani,</strong></span> <span class='ocrx_word' id='word_1_143' title='bbox 244 1834 345 1888; x_wconf 68' lang='lat' dir='ltr'><strong>servite</strong></span> <span class='ocrx_word' id='word_1_144' title='bbox 354 1852 447 1888; x_wconf 76' lang='lat' dir='ltr'><strong>utores</strong></span> <span class='ocrx_word' id='word_1_145' title='bbox 453 1849 464 1898; x_wconf 87' lang='lat'><strong>,·</strong></span> <span class='ocrx_word' id='word_1_146' title='bbox 473 1836 606 1888; x_wconf 70' lang='lat' dir='ltr'><strong>:moechum</strong></span> <span class='ocrx_word' id='word_1_147' title='bbox 616 1837 716 1888; x_wconf 83' lang='lat' dir='ltr'><strong>ecloum</strong></span> <span class='ocrx_word' id='word_1_148' title='bbox 727 1835 887 1889; x_wconf 76' lang='lat' dir='ltr'><strong>addicimus.</strong></span> 
     </span>
     <span class='ocr_line' id='line_1_23' title="bbox 115 1909 860 1980; baseline -0.005 -16"><span class='ocrx_word' id='word_1_149' title='bbox 115 1911 218 1964; x_wconf 72' lang='lat' dir='ltr'><strong>Adrum</strong></span> <span class='ocrx_word' id='word_1_150' title='bbox 229 1911 258 1962; x_wconf 82' lang='lat' dir='ltr'><strong>in</strong></span> <span class='ocrx_word' id='word_1_151' title='bbox 270 1909 357 1962; x_wconf 77' lang='lat' dir='ltr'><strong>Gallio</strong></span> <span class='ocrx_word' id='word_1_152' title='bbox 368 1909 517 1980; x_wconf 70' lang='lat' dir='ltr'><strong>e&#39;pi&#39;utuisti5</strong></span> <span class='ocrx_word' id='word_1_153' title='bbox 537 1911 580 1961; x_wconf 83' lang='lat' dir='ltr'><strong>ln&#39;c</strong></span> <span class='ocrx_word' id='word_1_154' title='bbox 591 1910 724 1977; x_wconf 84' lang='lat' dir='ltr'><strong>sunspsisti</strong></span> <span class='ocrx_word' id='word_1_155' title='bbox 733 1911 860 1962; x_wconf 72' lang='lat' dir='ltr'><strong>mutuum.</strong></span> 
     </span>
    </p>

    <p class='ocr_par' dir='ltr' id='par_1_5' title="bbox 151 1983 889 2053">
     <span class='ocr_line' id='line_1_24' title="bbox 151 1983 889 2053; baseline -0.005 -15"><span class='ocrx_word' id='word_1_156' title='bbox 151 1987 212 2038; x_wconf 91' lang='lat' dir='ltr'><strong>Lll.</strong></span> <span class='ocrx_word' id='word_1_157' title='bbox 233 1986 339 2038; x_wconf 81' lang='lat' dir='ltr'><strong>Dilexit</strong></span> <span class='ocrx_word' id='word_1_158' title='bbox 349 1993 377 2037; x_wconf 94' lang='grc'><strong>01</strong></span> <span class='ocrx_word' id='word_1_159' title='bbox 386 1986 509 2053; x_wconf 81' lang='lat' dir='ltr'><strong>reginas,</strong></span> <span class='ocrx_word' id='word_1_160' title='bbox 524 1985 596 2036; x_wconf 83' lang='lat' dir='ltr'><strong>inter</strong></span> <span class='ocrx_word' id='word_1_161' title='bbox 607 1999 675 2051; x_wconf 88' lang='lat' dir='ltr'><strong>quas</strong></span> <span class='ocrx_word' id='word_1_162' title='bbox 685 1983 800 2036; x_wconf 75' lang='lat' dir='ltr'><strong>Eunobu</strong></span> <span class='ocrx_word' id='word_1_163' title='bbox 811 1985 889 2035; x_wconf 89' lang='lat' dir='ltr'><strong>Mau-</strong></span> 
     </span>
    </p>

    <p class='ocr_par' dir='ltr' id='par_1_6' title="bbox 94 2059 891 2129">
     <span class='ocr_line' id='line_1_25' title="bbox 94 2059 891 2129; baseline -0.009 -13"><span class='ocrx_word' id='word_1_164' title='bbox 94 2079 167 2127; x_wconf 86' lang='lat' dir='ltr'><strong>ram,</strong></span> <span class='ocrx_word' id='word_1_165' title='bbox 183 2061 310 2129; x_wconf 82' lang='lat' dir='ltr'><strong>Bogudis</strong></span> <span class='ocrx_word' id='word_1_166' title='bbox 323 2073 450 2123; x_wconf 75' lang='lat' dir='ltr'><strong>risorem:</strong></span> <span class='ocrx_word' id='word_1_167' title='bbox 472 2061 517 2112; x_wconf 86' lang='lat' dir='ltr'><strong>eui</strong></span> <span class='ocrx_word' id='word_1_168' title='bbox 531 2060 687 2126; x_wconf 84' lang='lat' dir='ltr'><strong>maritoque</strong></span> <span class='ocrx_word' id='word_1_169' title='bbox 702 2060 761 2110; x_wconf 89' lang='lat' dir='ltr'><strong>eius</strong></span> <span class='ocrx_word' id='word_1_170' title='bbox 771 2059 891 2128; x_wconf 89' lang='lat' dir='ltr'><strong>plurima</strong></span> 
     </span>
    </p>
   </div>
   <div class='ocr_carea' id='block_1_3' title="bbox 94 2135 980 2203">
    <p class='ocr_par' dir='ltr' id='par_1_7' title="bbox 94 2135 980 2203">
     <span class='ocr_line' id='line_1_26' title="bbox 94 2135 980 2203; baseline -0.006 -13"><span class='ocrx_word' id='word_1_171' title='bbox 94 2145 122 2190; x_wconf 86' lang='lat' dir='ltr'><strong>et</strong></span> <span class='ocrx_word' id='word_1_172' title='bbox 134 2139 271 2189; x_wconf 88' lang='lat' dir='ltr'><strong>immensa</strong></span> <span class='ocrx_word' id='word_1_173' title='bbox 284 2137 393 2200; x_wconf 85' lang='lat' dir='ltr'><strong>tribuit,</strong></span> <span class='ocrx_word' id='word_1_174' title='bbox 414 2143 446 2187; x_wconf 89' lang='lat' dir='ltr'><strong>ut</strong></span> <span class='ocrx_word' id='word_1_175' title='bbox 459 2135 535 2187; x_wconf 86' lang='lat' dir='ltr'><strong>Naso</strong></span> <span class='ocrx_word' id='word_1_176' title='bbox 551 2136 674 2203; x_wconf 83' lang='lat' dir='ltr'><strong>scripsit:</strong></span> <span class='ocrx_word' id='word_1_177' title='bbox 705 2135 752 2186; x_wconf 89' lang='lat' dir='ltr'><strong>sed</strong></span> <span class='ocrx_word' id='word_1_178' title='bbox 772 2135 890 2186; x_wconf 86' lang='lat' dir='ltr'><strong>maxime</strong></span> <span class='ocrx_word' id='word_1_179' title='bbox 977 2139 980 2146; x_wconf 90' lang='lat'>&#39;</span> 
     </span>
    </p>
   </div>
   <div class='ocr_carea' id='block_1_4' title="bbox 92 2211 939 2577">
    <p class='ocr_par' dir='ltr' id='par_1_8' title="bbox 92 2211 939 2577">
     <span class='ocr_line' id='line_1_27' title="bbox 96 2211 889 2281; baseline -0.008 -17"><span class='ocrx_word' id='word_1_180' title='bbox 96 2214 287 2281; x_wconf 79' lang='lat' dir='ltr'><strong>Cleopatram,</strong></span> <span class='ocrx_word' id='word_1_181' title='bbox 309 2226 369 2262; x_wconf 84' lang='lat' dir='ltr'><strong>curn</strong></span> <span class='ocrx_word' id='word_1_182' title='bbox 385 2225 439 2278; x_wconf 88' lang='lat' dir='ltr'><strong>qua</strong></span> <span class='ocrx_word' id='word_1_183' title='bbox 454 2218 481 2262; x_wconf 85' lang='lat' dir='ltr'><strong>et</strong></span> <span class='ocrx_word' id='word_1_184' title='bbox 495 2212 622 2262; x_wconf 84' lang='lat' dir='ltr'><strong>convivia</strong></span> <span class='ocrx_word' id='word_1_185' title='bbox 635 2212 664 2261; x_wconf 89' lang='lat' dir='ltr'><strong>in</strong></span> <span class='ocrx_word' id='word_1_186' title='bbox 675 2211 791 2278; x_wconf 86' lang='lat' dir='ltr'><strong>primam</strong></span> <span class='ocrx_word' id='word_1_187' title='bbox 802 2211 889 2262; x_wconf 88' lang='lat' dir='ltr'><strong>lucem</strong></span> 
     </span>
     <span class='ocr_line' id='line_1_28' title="bbox 94 2284 890 2356; baseline -0.01 -16"><span class='ocrx_word' id='word_1_188' title='bbox 94 2304 180 2356; x_wconf 83' lang='lat' dir='ltr'><strong>saepe</strong></span> <span class='ocrx_word' id='word_1_189' title='bbox 190 2287 340 2355; x_wconf 80' lang='lat' dir='ltr'><strong>protraxit,</strong></span> <span class='ocrx_word' id='word_1_190' title='bbox 353 2291 380 2337; x_wconf 86' lang='lat' dir='ltr'><strong>et</strong></span> <span class='ocrx_word' id='word_1_191' title='bbox 391 2287 485 2338; x_wconf 88' lang='lat' dir='ltr'><strong>eadem</strong></span> <span class='ocrx_word' id='word_1_192' title='bbox 496 2301 564 2338; x_wconf 91' lang='lat' dir='ltr'><strong>nave</strong></span> <span class='ocrx_word' id='word_1_193' title='bbox 575 2284 731 2352; x_wconf 85' lang='lat' dir='ltr'><strong>thalamego</strong></span> <span class='ocrx_word' id='word_1_194' title='bbox 743 2301 830 2353; x_wconf 88' lang='lat' dir='ltr'><strong>paene</strong></span> <span class='ocrx_word' id='word_1_195' title='bbox 841 2285 890 2333; x_wconf 83' lang='lat' dir='ltr'><strong>Ae-</strong></span> 
     </span>
     <span class='ocr_line' id='line_1_29' title="bbox 92 2359 891 2430; baseline -0.013 -15"><span class='ocrx_word' id='word_1_196' title='bbox 92 2363 206 2430; x_wconf 86' lang='lat' dir='ltr'><strong>tbiopia</strong></span> <span class='ocrx_word' id='word_1_197' title='bbox 225 2367 304 2412; x_wconf 82' lang='lat' dir='ltr'><strong>tenus</strong></span> <span class='ocrx_word' id='word_1_198' title='bbox 323 2362 475 2428; x_wconf 82' lang='lat' dir='ltr'><strong>Aegyptum</strong></span> <span class='ocrx_word' id='word_1_199' title='bbox 495 2361 660 2429; x_wconf 84' lang='lat' dir='ltr'><strong>penetravit,</strong></span> <span class='ocrx_word' id='word_1_200' title='bbox 681 2361 736 2411; x_wconf 89' lang='lat' dir='ltr'><strong>nisi</strong></span> <span class='ocrx_word' id='word_1_201' title='bbox 756 2359 891 2412; x_wconf 85' lang='lat' dir='ltr'><strong>exercitus</strong></span> 
     </span>
     <span class='ocr_line' id='line_1_30' title="bbox 94 2433 939 2506; baseline -0.012 -17"><span class='ocrx_word' id='word_1_202' title='bbox 94 2438 176 2506; x_wconf 85' lang='lat' dir='ltr'><strong>sequi</strong></span> <span class='ocrx_word' id='word_1_203' title='bbox 191 2441 357 2489; x_wconf 75' lang='lat' dir='ltr'><strong>recusasset:</strong></span> <span class='ocrx_word' id='word_1_204' title='bbox 377 2451 459 2504; x_wconf 87' lang='lat' dir='ltr'><strong>quam</strong></span> <span class='ocrx_word' id='word_1_205' title='bbox 475 2436 592 2504; x_wconf 89' lang='lat' dir='ltr'><strong>denique</strong></span> <span class='ocrx_word' id='word_1_206' title='bbox 607 2435 721 2486; x_wconf 87' lang='lat' dir='ltr'><strong>accitam</strong></span> <span class='ocrx_word' id='word_1_207' title='bbox 737 2435 766 2485; x_wconf 89' lang='lat' dir='ltr'><strong>iu</strong></span> <span class='ocrx_word' id='word_1_208' title='bbox 781 2433 890 2493; x_wconf 88' lang='lat' dir='ltr'><strong>Urbem,</strong></span> <span class='ocrx_word' id='word_1_209' title='bbox 935 2495 939 2504; x_wconf 94' lang='lat'>.</span> 
     </span>
     <span class='ocr_line' id='line_1_31' title="bbox 93 2509 891 2577; baseline -0.015 -13"><span class='ocrx_word' id='word_1_210' title='bbox 93 2527 153 2566; x_wconf 88' lang='lat' dir='ltr'><strong>non</strong></span> <span class='ocrx_word' id='word_1_211' title='bbox 163 2513 220 2564; x_wconf 87' lang='lat' dir='ltr'><strong>nisi</strong></span> <span class='ocrx_word' id='word_1_212' title='bbox 228 2511 358 2562; x_wconf 83' lang='lat' dir='ltr'><strong>maximis</strong></span> <span class='ocrx_word' id='word_1_213' title='bbox 367 2509 520 2562; x_wconf 89' lang='lat' dir='ltr'><strong>honoribus</strong></span> <span class='ocrx_word' id='word_1_214' title='bbox 534 2510 719 2577; x_wconf 87' lang='lat' dir='ltr'><strong>praemiisque</strong></span> <span class='ocrx_word' id='word_1_215' title='bbox 730 2513 839 2558; x_wconf 85' lang='lat' dir='ltr'><strong>auctam</strong></span> <span class='ocrx_word' id='word_1_216' title='bbox 850 2519 891 2553; x_wconf 88' lang='lat' dir='ltr'><strong>re-</strong></span> 
     </span>
    </p>
   </div>
   <div class='ocr_carea' id='block_1_5' title="bbox 93 2581 892 2728">
    <p class='ocr_par' dir='ltr' id='par_1_9' title="bbox 93 2581 892 2728">
     <span class='ocr_line' id='line_1_32' title="bbox 93 2581 892 2653; baseline -0.016 -13"><span class='ocrx_word' id='word_1_217' title='bbox 93 2589 182 2653; x_wconf 83' lang='lat' dir='ltr'><strong>misit,</strong></span> <span class='ocrx_word' id='word_1_218' title='bbox 195 2588 336 2653; x_wconf 86' lang='lat' dir='ltr'><strong>iiliumque</strong></span> <span class='ocrx_word' id='word_1_219' title='bbox 346 2591 441 2636; x_wconf 80' lang='grc'><strong>11011110</strong></span> <span class='ocrx_word' id='word_1_220' title='bbox 453 2584 592 2650; x_wconf 87' lang='lat' dir='ltr'><strong>appellare</strong></span> <span class='ocrx_word' id='word_1_221' title='bbox 607 2581 718 2631; x_wconf 85' lang='lat' dir='ltr'><strong>nominc</strong></span> <span class='ocrx_word' id='word_1_222' title='bbox 732 2596 782 2630; x_wconf 87' lang='lat' dir='ltr'><strong>suo</strong></span> <span class='ocrx_word' id='word_1_223' title='bbox 793 2592 892 2646; x_wconf 88' lang='lat' dir='ltr'><strong>passus</strong></span> 
     </span>
     <span class='ocr_line' id='line_1_33' title="bbox 93 2651 892 2728; baseline -0.019 -12"><span class='ocrx_word' id='word_1_224' title='bbox 93 2671 146 2716; x_wconf 87' lang='lat' dir='ltr'><strong>est.</strong></span> <span class='ocrx_word' id='word_1_225' title='bbox 192 2663 281 2724; x_wconf 70' lang='lat' dir='ltr'><strong>Quem</strong></span> <span class='ocrx_word' id='word_1_226' title='bbox 305 2661 414 2728; x_wconf 90' lang='lat' dir='ltr'><strong>quidem</strong></span> <span class='ocrx_word' id='word_1_227' title='bbox 438 2659 565 2708; x_wconf 83' lang='lat' dir='ltr'><strong>nonnulli</strong></span> <span class='ocrx_word' id='word_1_228' title='bbox 586 2655 754 2705; x_wconf 83' lang='lat' dir='ltr'><strong>Graecorum</strong></span> <span class='ocrx_word' id='word_1_229' title='bbox 775 2651 892 2703; x_wconf 88' lang='lat' dir='ltr'><strong>similem</strong></span> 
     </span>
    </p>
   </div>
   <div class='ocr_carea' id='block_1_6' title="bbox 93 2727 884 2808">
    <p class='ocr_par' dir='ltr' id='par_1_10' title="bbox 93 2727 884 2808">
     <span class='ocr_line' id='line_1_34' title="bbox 93 2727 884 2808; baseline -0.021 -16"><span class='ocrx_word' id='word_1_230' title='bbox 93 2753 208 2808; x_wconf 87' lang='lat' dir='ltr'><strong>quoque</strong></span> <span class='ocrx_word' id='word_1_231' title='bbox 230 2733 356 2788; x_wconf 79' lang='lat' dir='ltr'><strong>Caesaris</strong></span> <span class='ocrx_word' id='word_1_232' title='bbox 376 2741 404 2786; x_wconf 89' lang='lat' dir='ltr'><strong>et</strong></span> <span class='ocrx_word' id='word_1_233' title='bbox 422 2732 513 2797; x_wconf 72' lang='lat' dir='ltr'><strong>fornia</strong></span> <span class='ocrx_word' id='word_1_234' title='bbox 533 2737 560 2782; x_wconf 81' lang='lat' dir='ltr'><strong>et</strong></span> <span class='ocrx_word' id='word_1_235' title='bbox 578 2731 688 2780; x_wconf 86' lang='lat' dir='ltr'><strong>incessu</strong></span> <span class='ocrx_word' id='word_1_236' title='bbox 710 2727 884 2780; x_wconf 84' lang='lat' dir='ltr'><strong>tradiderunt</strong></span> 
     </span>
    </p>
   </div>
   <div class='ocr_carea' id='block_1_7' title="bbox 0 0 1018 3020">
    <p class='ocr_par' dir='ltr' id='par_1_11' title="bbox 0 0 1018 3020">
     <span class='ocr_line' id='line_1_35' title="bbox 0 0 1018 3020; baseline 0 0"><span class='ocrx_word' id='word_1_237' title='bbox 0 0 1018 3020; x_wconf 95' lang='lat' dir='ltr'><strong> </strong></span> 
     </span>
    </p>
   </div>
  </div>
 </body>
</html>
