2036 3022
99 151 149 206 elo
374 153 400 199 G.
423 152 611 200 sUE'roer

98 279 228 348 praetura
244 276 370 328 omnibus
383 277 482 330 edictis
501 277 559 328 sine
577 273 683 328 honore
704 292 738 328 ac
757 276 898 334 mentione

97 352 157 404 ulle
165 353 368 417 transmiserat,
388 369 445 404 non
456 357 518 404 ante
529 351 698 417 succensuit,
720 368 805 420 quam
817 353 898 405 alter-

99 427 255 479 cationibus
273 428 496 480 insolentissimis
516 443 602 495 paene
620 429 650 478 in
671 427 798 480 ordinem
818 429 899 480 reda-

99 508 167 554 ctus.
206 502 288 564 Hunc
299 519 420 572 quoque,
437 503 560 570 quamvis
571 503 722 569 relegatum
733 504 839 572 primo,
852 504 898 555 de·

96 576 161 630 indo
171 578 289 629 interfici
298 579 416 642 iussum,
433 580 526 646 magni
540 577 696 629 aestimavit
706 593 818 629 servare
830 595 898 646 quo·

99 669 153 722 quo
168 652 265 718 modo,
287 654 378 704 missis
399 654 447 722 qui
467 669 642 720 percussores
661 660 840 716 revocarent3
870 661 899 706 et

98 735 245 792 servasset,
266 728 321 777 nisi
334 728 391 778 iam
405 729 510 795 perisse
523 728 595 779 falso
611 729 802 780 renunciatum
815 731 897 782 esset.

98 804 224 854 Ceterum
243 803 330 868 ne'que
351 802 434 854 caede
455 804 615 870 cuiusquam
630 819 751 871 unquam
765 803 895 866 laetatus,

96 878 177 928 iustis
187 877 330 946 suppliciis
339 877 518 929 illacrimavit
527 880 609 930 etiam
621 885 648 929 et
657 879 801 946 ingemuit.

151 951 225 1003 XVl.
247 952 314 1004 Sola
324 958 377 1016 est,
394 954 423 1004 in
434 970 489 1022 qua
499 954 597 1004 nrerito
610 954 748 1020 culpetur,
759 956 895 1020 pccrmiae

98 1028 245 1096 cupiditas.
284 1027 346 1078 Non
358 1029 430 1080 enim
442 1034 598 1092 contentus,
620 1029 723 1080 omissa
739 1029 790 1080 sub
803 1028 896 1082 Galba

94 1103 243 1171 vectigalia
261 1118 419 1167 revocasse,
439 1119 512 1154 nova
533 1111 560 1154 et
579 1105 675 1171 gravia
691 1103 847 1169 addidisse,
868 1113 896 1156 et

96 1179 207 1230 auxisse
220 1178 325 1230 tributa
338 1179 502 1244 provinciis,
523 1179 664 1229 nonnullis
679 1185 706 1230 et
721 1179 894 1246 duplicasse3

94 1251 297 1321 negotiationes
308 1253 465 1320 quoquevel
475 1254 583 1320 privato
595 1254 736 1320 pudendas
747 1256 895 1322 propalam

96 1329 226 1390 exercuit,
239 1328 387 1379 coemendo
401 1329 544 1395 quaedam,
556 1335 661 1379 tantum
675 1335 704 1379 ut
718 1329 808 1396 pluris
819 1337 894 1398 post-

96 1418 129 1454 ea
148 1401 321 1454 distraheret.
361 1402 419 1454 Nec
443 1404 598 1454 candidatis
622 1404 732 1470 quidem
762 1401 892 1470 honores,

94 1478 195 1542 reisvc,
216 1483 273 1528 tam
282 1479 405 1529 innoxiis
417 1494 498 1546 quam
509 1480 684 1542 nocentibus,
702 1479 894 1533 absolutiones

95 1553 236 1604 venditare
248 1559 390 1604 cunctatus
402 1561 451 1603 est.
492 1554 619 1604 Creditur
634 1556 717 1605 etiam
729 1565 894 1621 procurato-

94 1643 154 1679 rum
169 1629 377 1694 rapacissimum
393 1643 527 1697 quemque
543 1629 579 1679 ad
595 1630 731 1696 ampliora
746 1631 841 1682 officia
861 1647 894 1684 ex

93 1703 231 1753 industria
241 1702 340 1753 solitus
351 1718 527 1770 promovere,
548 1720 602 1771 quo
619 1705 817 1773 locupletiores
828 1722 894 1758 mox

96 1777 301 1830 condemnaret:
326 1778 425 1846 quibus
441 1778 551 1846 quidem
566 1780 649 1846 vulgo
660 1797 711 1847 pro
722 1781 842 1849 spongiis
853 1783 893 1833 di·

94 1854 207 1904 cebatur
217 1851 269 1915 nti,
286 1852 360 1922 quod
371 1855 452 1922 quasi
462 1859 489 1905 et
499 1855 588 1906 siccos
599 1851 795 1920 bradeleceret,
808 1864 837 1908 et
847 1873 892 1908 ex-

93 1929 223 1995 primeret
241 1927 391 1980 humentes.
433 1929 551 1990 Quidam
566 1937 666 1980 natum
682 1930 892 1996 cupidissimum

91 2003 217 2068 tradunt,
238 2003 321 2073 idque
333 2004 527 2070 exprobratum
535 2005 565 2054 'ei
576 2021 592 2055 a
602 2021 666 2056 sene
676 2005 812 2070 bubulco,
834 2010 891 2074 qui,

91 2084 192 2146 negata
203 2079 257 2129 sibi
271 2079 394 2146 gratuita
408 2079 547 2143 libertate,
568 2095 650 2148 quam
664 2081 811 2147 imperium
828 2083 893 2134 ade·

91 2159 168 2221 ptum
179 2152 341 2220 suppliciter
351 2153 462 2218 orabat,
484 2153 710 2221 proclamaverit,
732 2153 842 2223 Vulpem
848 2159 892 2226 pi-

93 2229 146 2278 lum
155 2237 266 2289 enotare,
279 2245 331 2280 non
341 2245 433 2279 mores.
474 2229 543 2280 Sunt
554 2235 663 2294 contra,
676 2231 724 2299 qui
732 2233 891 2300 opinentur,

93 2302 129 2353 ad
138 2303 283 2354 manubias
294 2311 321 2355 et
330 2305 443 2371 rapinas
457 2306 620 2356 necessitate
632 2306 806 2374 compulsum
819 2324 893 2359 srrnr-

92 2393 138 2427 ma
159 2378 260 2430 aerarii
280 2379 394 2447 fiscique
413 2380 522 2446 inopia3
554 2378 587 2431 de
606 2396 660 2449 qua
674 2381 839 2434 testificatus
854 2384 893 2434 sit

91 2451 172 2503 initio
183 2453 276 2504 statim
291 2455 474 2522 principatus,
496 2453 650 2520 professus,
672 2456 891 2525 quadringenties

92 2524 184 2576 millae
194 2543 257 2592 opus
268 2544 333 2594 ene,
354 2537 386 2580 nt
397 2527 543 2595 respublica
553 2539 624 2582 stone
630 2539 727 2598 posset.
769 2533 852 2593 Quod
863 2540 892 2586 et

92 2599 269 2724 verisimtilius
283 2603 405 2668 videtur,
427 2604 537 2670 quando
554 2611 582 2656 et
595 2605 666 2658 male
680 2608 768 2676 partis
785 2609 891 2677 optime

91 2681 158 2721 usus
167 2688 196 2723 es
211 2709 217 2725 .
