<?xml version="1.0" encoding="UTF-8"?>
<!DOCTYPE html PUBLIC "-//W3C//DTD XHTML 1.0 Transitional//EN"
    "http://www.w3.org/TR/xhtml1/DTD/xhtml1-transitional.dtd">
<html xmlns="http://www.w3.org/1999/xhtml" xml:lang="en" lang="en">
 <head>
  <title>
</title>
<meta http-equiv="Content-Type" content="text/html;charset=utf-8" />
  <meta name='ocr-system' content='tesseract 3.04.00' />
  <meta name='ocr-capabilities' content='ocr_page ocr_carea ocr_par ocr_line ocrx_word'/>
</head>
<body>
  <div class='ocr_page' id='page_1' title='image "./csuetoniitranqu05suetgoog_0293.png"; bbox 0 0 2036 3022; ppageno 0'>
   <div class='ocr_carea' id='block_1_1' title="bbox 308 219 869 294">
    <p class='ocr_par' dir='ltr' id='par_1_1' title="bbox 308 219 869 294">
     <span class='ocr_line' id='line_1_1' title="bbox 308 219 869 294; baseline 0.007 -5"><span class='ocrx_word' id='word_1_1' title='bbox 308 219 420 290; x_wconf 81' lang='lat' dir='ltr'><strong>ouno.</strong></span> <span class='ocrx_word' id='word_1_2' title='bbox 456 239 535 290; x_wconf 79' lang='lat' dir='ltr'><strong>cur.</strong></span> <span class='ocrx_word' id='word_1_3' title='bbox 556 245 638 293; x_wconf 83' lang='lat' dir='ltr'><strong>a-a.</strong></span> <span class='ocrx_word' id='word_1_4' title='bbox 819 239 869 294; x_wconf 74' lang='lat' dir='ltr'><strong>ael</strong></span> 
     </span>
    </p>
   </div>
   <div class='ocr_carea' id='block_1_2' title="bbox 9 365 929 2844">
    <p class='ocr_par' dir='ltr' id='par_1_2' title="bbox 9 365 871 1187">
     <span class='ocr_line' id='line_1_2' title="bbox 73 365 870 436; baseline 0 -18"><span class='ocrx_word' id='word_1_5' title='bbox 73 367 148 420; x_wconf 85' lang='lat' dir='ltr'><strong>aeris</strong></span> <span class='ocrx_word' id='word_1_6' title='bbox 164 365 257 417; x_wconf 87' lang='lat' dir='ltr'><strong>alieni.</strong></span> <span class='ocrx_word' id='word_1_7' title='bbox 296 366 392 436; x_wconf 80' lang='lat' dir='ltr'><strong>Neque</strong></span> <span class='ocrx_word' id='word_1_8' title='bbox 406 369 477 420; x_wconf 88' lang='lat' dir='ltr'><strong>enirn</strong></span> <span class='ocrx_word' id='word_1_9' title='bbox 492 369 697 433; x_wconf 76' lang='lat' dir='ltr'><strong>dissimulabat,</strong></span> <span class='ocrx_word' id='word_1_10' title='bbox 709 365 870 435; x_wconf 70' lang='grc' dir='ltr'>11111νὶ111-</span> 
     </span>
     <span class='ocr_line' id='line_1_3' title="bbox 68 441 870 516; baseline 0 -22"><span class='ocrx_word' id='word_1_11' title='bbox 68 459 144 510; x_wconf 74' lang='lat' dir='ltr'><strong>pans,</strong></span> <span class='ocrx_word' id='word_1_12' title='bbox 156 458 183 492; x_wconf 79' lang='lat' dir='ltr'><strong>re</strong></span> <span class='ocrx_word' id='word_1_13' title='bbox 194 450 268 493; x_wconf 79' lang='lat' dir='ltr'><strong>stare</strong></span> <span class='ocrx_word' id='word_1_14' title='bbox 278 457 412 510; x_wconf 74' lang='lat' dir='ltr'><strong>antepone</strong></span> <span class='ocrx_word' id='word_1_15' title='bbox 421 461 435 505; x_wconf 90' lang='lat'><em>;</em></span> <span class='ocrx_word' id='word_1_16' title='bbox 455 443 572 512; x_wconf 75' lang='lat' dir='ltr'><strong>nihilque</strong></span> <span class='ocrx_word' id='word_1_17' title='bbox 585 443 699 516; x_wconf 80' lang='lat' dir='ltr'><strong>referre,</strong></span> <span class='ocrx_word' id='word_1_18' title='bbox 714 441 870 495; x_wconf 75' lang='lat' dir='ltr'><strong>albestein</strong></span> 
     </span>
     <span class='ocr_line' id='line_1_4' title="bbox 70 515 869 588; baseline 0 -20"><span class='ocrx_word' id='word_1_19' title='bbox 70 516 140 579; x_wconf 81' lang='lat' dir='ltr'><strong>acie,</strong></span> <span class='ocrx_word' id='word_1_20' title='bbox 151 533 187 568; x_wconf 84' lang='lat' dir='ltr'><strong>aa</strong></span> <span class='ocrx_word' id='word_1_21' title='bbox 196 515 296 588; x_wconf 78' lang='lat' dir='ltr'><strong>infore</strong></span> <span class='ocrx_word' id='word_1_22' title='bbox 307 518 352 568; x_wconf 80' lang='lat' dir='ltr'><strong>aad</strong></span> <span class='ocrx_word' id='word_1_23' title='bbox 363 517 535 570; x_wconf 77' lang='lat' dir='ltr'><strong>creditoribus</strong></span> <span class='ocrx_word' id='word_1_24' title='bbox 546 519 659 572; x_wconf 82' lang='lat' dir='ltr'><strong>caderet.</strong></span> <span class='ocrx_word' id='word_1_25' title='bbox 685 519 754 570; x_wconf 80' lang='lat' dir='ltr'><strong>Ante</strong></span> <span class='ocrx_word' id='word_1_26' title='bbox 764 533 869 586; x_wconf 88' lang='lat' dir='ltr'><strong>paucos</strong></span> 
     </span>
     <span class='ocr_line' id='line_1_5' title="bbox 73 592 869 664; baseline 0.003 -22"><span class='ocrx_word' id='word_1_27' title='bbox 73 593 135 644; x_wconf 86' lang='lat' dir='ltr'><strong>dies</strong></span> <span class='ocrx_word' id='word_1_28' title='bbox 145 606 224 643; x_wconf 86' lang='lat' dir='ltr'><strong>servo</strong></span> <span class='ocrx_word' id='word_1_29' title='bbox 237 592 365 644; x_wconf 80' lang='lat' dir='ltr'>Caesaris</span> <span class='ocrx_word' id='word_1_30' title='bbox 379 609 430 662; x_wconf 89' lang='lat' dir='ltr'><strong>pro</strong></span> <span class='ocrx_word' id='word_1_31' title='bbox 444 595 593 663; x_wconf 87' lang='lat' dir='ltr'><strong>impetrata</strong></span> <span class='ocrx_word' id='word_1_32' title='bbox 608 594 814 664; x_wconf 81' lang='lat' dir='ltr'><strong>dispensatione</strong></span> <span class='ocrx_word' id='word_1_33' title='bbox 825 593 869 644; x_wconf 89' lang='lat' dir='ltr'><strong>de-</strong></span> 
     </span>
     <span class='ocr_line' id='line_1_6' title="bbox 9 667 871 734; baseline -0.005 -12"><span class='ocrx_word' id='word_1_34' title='bbox 9 719 11 722; x_wconf 88' lang='lat'><strong>.</strong></span> <span class='ocrx_word' id='word_1_35' title='bbox 72 669 131 719; x_wconf 81' lang='lat' dir='ltr'><strong>cies</strong></span> <span class='ocrx_word' id='word_1_36' title='bbox 150 667 308 719; x_wconf 83' lang='lat' dir='ltr'><strong>sestertium</strong></span> <span class='ocrx_word' id='word_1_37' title='bbox 320 676 502 734; x_wconf 83' lang='lat' dir='ltr'><strong>expresserat.</strong></span> <span class='ocrx_word' id='word_1_38' title='bbox 541 671 605 720; x_wconf 88' lang='lat' dir='ltr'><strong>lloc</strong></span> <span class='ocrx_word' id='word_1_39' title='bbox 624 669 778 721; x_wconf 85' lang='lat' dir='ltr'><strong>subsidium</strong></span> <span class='ocrx_word' id='word_1_40' title='bbox 797 669 871 720; x_wconf 88' lang='lat' dir='ltr'><strong>tanti</strong></span> 
     </span>
     <span class='ocr_line' id='line_1_7' title="bbox 9 741 869 813; baseline 0 -19"><span class='ocrx_word' id='word_1_41' title='bbox 9 745 10 748; x_wconf 76' lang='grc'>’</span> <span class='ocrx_word' id='word_1_42' title='bbox 72 742 168 808; x_wconf 88' lang='lat' dir='ltr'><strong>coepti</strong></span> <span class='ocrx_word' id='word_1_43' title='bbox 180 741 243 793; x_wconf 83' lang='lat' dir='ltr'><strong>fuit.</strong></span> <span class='ocrx_word' id='word_1_44' title='bbox 282 743 321 794; x_wconf 84' lang='lat' dir='ltr'><strong>Ac</strong></span> <span class='ocrx_word' id='word_1_45' title='bbox 331 745 420 810; x_wconf 90' lang='lat' dir='ltr'><strong>primo</strong></span> <span class='ocrx_word' id='word_1_46' title='bbox 432 745 553 812; x_wconf 89' lang='lat' dir='ltr'><strong>quinque</strong></span> <span class='ocrx_word' id='word_1_47' title='bbox 562 745 785 813; x_wconf 75' lang='lat' dir='ltr'><strong>speculatoribus</strong></span> <span class='ocrx_word' id='word_1_48' title='bbox 797 760 869 795; x_wconf 91' lang='lat' dir='ltr'><strong>com·</strong></span> 
     </span>
     <span class='ocr_line' id='line_1_8' title="bbox 72 818 870 890; baseline 0.001 -22"><span class='ocrx_word' id='word_1_49' title='bbox 72 818 160 868; x_wconf 81' lang='grc'>1111111</span> <span class='ocrx_word' id='word_1_50' title='bbox 170 822 213 868; x_wconf 91' lang='lat' dir='ltr'><strong>est</strong></span> <span class='ocrx_word' id='word_1_51' title='bbox 221 833 277 881; x_wconf 86' lang='lat' dir='ltr'><strong>res,</strong></span> <span class='ocrx_word' id='word_1_52' title='bbox 290 818 388 870; x_wconf 90' lang='lat' dir='ltr'><strong>deinde</strong></span> <span class='ocrx_word' id='word_1_53' title='bbox 398 819 492 869; x_wconf 88' lang='lat' dir='ltr'><strong>decem</strong></span> <span class='ocrx_word' id='word_1_54' title='bbox 503 820 579 883; x_wconf 90' lang='lat' dir='ltr'><strong>aliis,</strong></span> <span class='ocrx_word' id='word_1_55' title='bbox 591 835 661 890; x_wconf 89' lang='lat' dir='ltr'><strong>quos</strong></span> <span class='ocrx_word' id='word_1_56' title='bbox 676 821 780 888; x_wconf 81' lang='lat' dir='ltr'><strong>singuli</strong></span> <span class='ocrx_word' id='word_1_57' title='bbox 788 820 870 871; x_wconf 89' lang='lat' dir='ltr'><strong>binos</strong></span> 
     </span>
     <span class='ocr_line' id='line_1_9' title="bbox 27 891 869 962; baseline 0.001 -19"><span class='ocrx_word' id='word_1_58' title='bbox 27 907 30 914; x_wconf 75' lang='grc'><em>’</em></span> <span class='ocrx_word' id='word_1_59' title='bbox 71 891 281 961; x_wconf 85' lang='lat' dir='ltr'><strong>produxerant:</strong></span> <span class='ocrx_word' id='word_1_60' title='bbox 298 894 425 944; x_wconf 83' lang='lat' dir='ltr'><strong>omnibus</strong></span> <span class='ocrx_word' id='word_1_61' title='bbox 436 893 507 944; x_wconf 89' lang='lat' dir='ltr'><strong>dena</strong></span> <span class='ocrx_word' id='word_1_62' title='bbox 517 896 644 946; x_wconf 89' lang='lat' dir='ltr'><strong>sestertia</strong></span> <span class='ocrx_word' id='word_1_63' title='bbox 653 902 869 962; x_wconf 87' lang='lat' dir='ltr'><strong>repraesentata,</strong></span> 
     </span>
     <span class='ocr_line' id='line_1_10' title="bbox 72 965 869 1036; baseline -0.001 -17"><span class='ocrx_word' id='word_1_64' title='bbox 72 975 101 1019; x_wconf 87' lang='lat' dir='ltr'><strong>ct</strong></span> <span class='ocrx_word' id='word_1_65' title='bbox 110 967 305 1036; x_wconf 88' lang='lat' dir='ltr'><strong>quinquagena</strong></span> <span class='ocrx_word' id='word_1_66' title='bbox 315 969 461 1036; x_wconf 84' lang='lat' dir='ltr'><strong>promissa.</strong></span> <span class='ocrx_word' id='word_1_67' title='bbox 481 967 535 1020; x_wconf 91' lang='lat' dir='ltr'><strong>Per</strong></span> <span class='ocrx_word' id='word_1_68' title='bbox 544 965 595 1019; x_wconf 86' lang='lat' dir='ltr'><strong>hos</strong></span> <span class='ocrx_word' id='word_1_69' title='bbox 606 969 751 1021; x_wconf 87' lang='lat' dir='ltr'><strong>sollicitati</strong></span> <span class='ocrx_word' id='word_1_70' title='bbox 760 969 869 1036; x_wconf 85' lang='lat' dir='ltr'><strong>reliqui,</strong></span> 
     </span>
     <span class='ocr_line' id='line_1_11' title="bbox 9 1041 869 1112; baseline -0.002 -17"><span class='ocrx_word' id='word_1_71' title='bbox 9 1061 10 1068; x_wconf 54' lang='lat'>¹</span> <span class='ocrx_word' id='word_1_72' title='bbox 71 1059 125 1095; x_wconf 88' lang='lat' dir='ltr'><strong>nec</strong></span> <span class='ocrx_word' id='word_1_73' title='bbox 135 1043 205 1094; x_wconf 85' lang='lat' dir='ltr'><strong>adeo</strong></span> <span class='ocrx_word' id='word_1_74' title='bbox 217 1043 309 1107; x_wconf 89' lang='lat' dir='ltr'><strong>multi,</strong></span> <span class='ocrx_word' id='word_1_75' title='bbox 324 1041 398 1095; x_wconf 90' lang='lat' dir='ltr'><strong>haud</strong></span> <span class='ocrx_word' id='word_1_76' title='bbox 413 1044 498 1095; x_wconf 78' lang='lat' dir='ltr'><strong>dubia</strong></span> <span class='ocrx_word' id='word_1_77' title='bbox 511 1043 627 1108; x_wconf 77' lang='lat' dir='ltr'><strong>fiducia,</strong></span> <span class='ocrx_word' id='word_1_78' title='bbox 641 1045 670 1094; x_wconf 89' lang='lat' dir='ltr'><strong>in</strong></span> <span class='ocrx_word' id='word_1_79' title='bbox 684 1045 746 1112; x_wconf 90' lang='lat' dir='ltr'><strong>ipso</strong></span> <span class='ocrx_word' id='word_1_80' title='bbox 757 1044 869 1110; x_wconf 87' lang='lat' dir='ltr'><strong>negotio</strong></span> 
     </span>
     <span class='ocr_line' id='line_1_12' title="bbox 72 1117 325 1187; baseline 0.003 -18.801"><span class='ocrx_word' id='word_1_81' title='bbox 72 1117 325 1187; x_wconf 83' lang='lat' dir='ltr'><strong>pluresaffuturos.</strong></span> 
     </span>
    </p>

    <p class='ocr_par' dir='ltr' id='par_1_3' title="bbox 72 1192 929 2844">
     <span class='ocr_line' id='line_1_13' title="bbox 130 1192 870 1262; baseline 0 -18"><span class='ocrx_word' id='word_1_82' title='bbox 130 1192 178 1244; x_wconf 91' lang='lat' dir='ltr'><strong>Vl.</strong></span> <span class='ocrx_word' id='word_1_83' title='bbox 200 1193 317 1245; x_wconf 84' lang='lat' dir='ltr'><strong>Tulerat</strong></span> <span class='ocrx_word' id='word_1_84' title='bbox 330 1195 450 1260; x_wconf 81' lang='grc'>11111111,</span> <span class='ocrx_word' id='word_1_85' title='bbox 461 1201 524 1262; x_wconf 90' lang='lat' dir='ltr'><strong>post</strong></span> <span class='ocrx_word' id='word_1_86' title='bbox 535 1193 713 1261; x_wconf 87' lang='lat' dir='ltr'><strong>adoptionem</strong></span> <span class='ocrx_word' id='word_1_87' title='bbox 723 1195 817 1245; x_wconf 86' lang='lat' dir='ltr'><strong>statim</strong></span> <span class='ocrx_word' id='word_1_88' title='bbox 828 1209 870 1244; x_wconf 88' lang='lat' dir='ltr'><strong>ca·</strong></span> 
     </span>
     <span class='ocr_line' id='line_1_14' title="bbox 72 1267 871 1337; baseline -0.003 -17"><span class='ocrx_word' id='word_1_89' title='bbox 72 1279 133 1322; x_wconf 86' lang='lat' dir='ltr'><strong>stra</strong></span> <span class='ocrx_word' id='word_1_90' title='bbox 145 1283 293 1336; x_wconf 87' lang='lat' dir='ltr'><strong>occupare,</strong></span> <span class='ocrx_word' id='word_1_91' title='bbox 310 1276 523 1337; x_wconf 88' lang='lat' dir='ltr'><strong>coenantemque</strong></span> <span class='ocrx_word' id='word_1_92' title='bbox 533 1268 563 1320; x_wconf 90' lang='lat' dir='ltr'><strong>in</strong></span> <span class='ocrx_word' id='word_1_93' title='bbox 572 1268 683 1321; x_wconf 89' lang='lat' dir='ltr'><strong>Palatio</strong></span> <span class='ocrx_word' id='word_1_94' title='bbox 695 1267 813 1320; x_wconf 81' lang='lat' dir='ltr'><strong>Galbam</strong></span> <span class='ocrx_word' id='word_1_95' title='bbox 825 1284 871 1335; x_wconf 86' lang='lat' dir='ltr'><strong>ag·</strong></span> 
     </span>
     <span class='ocr_line' id='line_1_15' title="bbox 72 1341 872 1413; baseline -0.003 -17"><span class='ocrx_word' id='word_1_96' title='bbox 72 1343 171 1412; x_wconf 82' lang='lat' dir='ltr'><strong>gredi:</strong></span> <span class='ocrx_word' id='word_1_97' title='bbox 200 1344 249 1394; x_wconf 85' lang='lat' dir='ltr'><strong>sed</strong></span> <span class='ocrx_word' id='word_1_98' title='bbox 270 1345 379 1396; x_wconf 86' lang='lat' dir='ltr'><strong>obstitit</strong></span> <span class='ocrx_word' id='word_1_99' title='bbox 398 1360 538 1410; x_wconf 86' lang='lat' dir='ltr'><strong>respectus</strong></span> <span class='ocrx_word' id='word_1_100' title='bbox 558 1341 694 1409; x_wconf 81' lang='lat' dir='ltr'><strong>cohortis,</strong></span> <span class='ocrx_word' id='word_1_101' title='bbox 716 1359 786 1413; x_wconf 90' lang='lat' dir='ltr'><strong>quae</strong></span> <span class='ocrx_word' id='word_1_102' title='bbox 806 1351 872 1395; x_wconf 89' lang='lat' dir='ltr'><strong>tnnc</strong></span> 
     </span>
     <span class='ocr_line' id='line_1_16' title="bbox 73 1419 871 1490; baseline -0.001 -19"><span class='ocrx_word' id='word_1_103' title='bbox 73 1419 240 1483; x_wconf 77' lang='lat' dir='ltr'><strong>excubabat,</strong></span> <span class='ocrx_word' id='word_1_104' title='bbox 251 1435 285 1470; x_wconf 88' lang='lat' dir='ltr'><strong>ue</strong></span> <span class='ocrx_word' id='word_1_105' title='bbox 297 1427 458 1471; x_wconf 85' lang='lat' dir='ltr'><strong>oneraretur</strong></span> <span class='ocrx_word' id='word_1_106' title='bbox 466 1420 585 1484; x_wconf 69' lang='lat' dir='ltr'><strong>insidia,</strong></span> <span class='ocrx_word' id='word_1_107' title='bbox 597 1420 673 1490; x_wconf 92' lang='lat' dir='ltr'><strong>quod</strong></span> <span class='ocrx_word' id='word_1_108' title='bbox 683 1419 805 1472; x_wconf 90' lang='lat' dir='ltr'><strong>eiusdem</strong></span> <span class='ocrx_word' id='word_1_109' title='bbox 816 1426 871 1470; x_wconf 89' lang='lat' dir='ltr'><strong>sta-</strong></span> 
     </span>
     <span class='ocr_line' id='line_1_17' title="bbox 72 1493 929 1560; baseline -0.007 -14"><span class='ocrx_word' id='word_1_110' title='bbox 72 1496 152 1546; x_wconf 85' lang='lat' dir='ltr'><strong>tione</strong></span> <span class='ocrx_word' id='word_1_111' title='bbox 163 1501 191 1546; x_wconf 85' lang='lat' dir='ltr'><strong>et</strong></span> <span class='ocrx_word' id='word_1_112' title='bbox 202 1493 286 1545; x_wconf 79' lang='lat' dir='ltr'><strong>Caius</strong></span> <span class='ocrx_word' id='word_1_113' title='bbox 296 1494 388 1546; x_wconf 89' lang='lat' dir='ltr'><strong>fuerat</strong></span> <span class='ocrx_word' id='word_1_114' title='bbox 398 1495 515 1560; x_wconf 87' lang='lat' dir='ltr'><strong>occisus,</strong></span> <span class='ocrx_word' id='word_1_115' title='bbox 528 1502 555 1547; x_wconf 89' lang='lat' dir='ltr'><strong>et</strong></span> <span class='ocrx_word' id='word_1_116' title='bbox 565 1495 690 1547; x_wconf 86' lang='lat' dir='ltr'><strong>desertus</strong></span> <span class='ocrx_word' id='word_1_117' title='bbox 700 1495 784 1546; x_wconf 89' lang='lat' dir='ltr'><strong>Nero.</strong></span> <span class='ocrx_word' id='word_1_118' title='bbox 813 1495 871 1544; x_wconf 88' lang='lat' dir='ltr'><strong>Mc·</strong></span> <span class='ocrx_word' id='word_1_119' title='bbox 923 1533 929 1540; x_wconf 76' lang='lat'><strong>.</strong></span> 
     </span>
     <span class='ocr_line' id='line_1_18' title="bbox 74 1569 870 1638; baseline -0.001 -18"><span class='ocrx_word' id='word_1_120' title='bbox 74 1571 154 1620; x_wconf 88' lang='lat' dir='ltr'><strong>diurn</strong></span> <span class='ocrx_word' id='word_1_121' title='bbox 178 1583 289 1638; x_wconf 88' lang='lat' dir='ltr'><strong>quoque</strong></span> <span class='ocrx_word' id='word_1_122' title='bbox 313 1577 419 1638; x_wconf 87' lang='lat' dir='ltr'><strong>tempus</strong></span> <span class='ocrx_word' id='word_1_123' title='bbox 441 1571 541 1636; x_wconf 88' lang='lat' dir='ltr'><strong>religio</strong></span> <span class='ocrx_word' id='word_1_124' title='bbox 562 1577 590 1622; x_wconf 88' lang='lat' dir='ltr'><strong>et</strong></span> <span class='ocrx_word' id='word_1_125' title='bbox 610 1570 741 1622; x_wconf 88' lang='lat' dir='ltr'><strong>Seleucus</strong></span> <span class='ocrx_word' id='word_1_126' title='bbox 761 1569 870 1621; x_wconf 86' lang='lat' dir='ltr'><strong>exemit.</strong></span> 
     </span>
     <span class='ocr_line' id='line_1_19' title="bbox 75 1645 871 1713; baseline 0 -19"><span class='ocrx_word' id='word_1_127' title='bbox 75 1645 150 1712; x_wconf 83' lang='lat' dir='ltr'><strong>Ergo</strong></span> <span class='ocrx_word' id='word_1_128' title='bbox 172 1645 310 1696; x_wconf 87' lang='lat' dir='ltr'><strong>destinata</strong></span> <span class='ocrx_word' id='word_1_129' title='bbox 329 1645 386 1708; x_wconf 87' lang='lat' dir='ltr'><strong>die,</strong></span> <span class='ocrx_word' id='word_1_130' title='bbox 406 1646 587 1713; x_wconf 86' lang='lat' dir='ltr'><strong>praemonitis</strong></span> <span class='ocrx_word' id='word_1_131' title='bbox 607 1647 739 1710; x_wconf 88' lang='lat' dir='ltr'><strong>consciis,</strong></span> <span class='ocrx_word' id='word_1_132' title='bbox 753 1651 785 1697; x_wconf 91' lang='lat' dir='ltr'><strong>ut</strong></span> <span class='ocrx_word' id='word_1_133' title='bbox 799 1661 828 1696; x_wconf 88' lang='lat' dir='ltr'><strong>se</strong></span> <span class='ocrx_word' id='word_1_134' title='bbox 842 1645 871 1694; x_wconf 91' lang='lat' dir='ltr'><strong>in</strong></span> 
     </span>
     <span class='ocr_line' id='line_1_20' title="bbox 75 1718 871 1788; baseline 0 -18"><span class='ocrx_word' id='word_1_135' title='bbox 75 1720 138 1772; x_wconf 83' lang='lat' dir='ltr'><strong>foro</strong></span> <span class='ocrx_word' id='word_1_136' title='bbox 150 1719 202 1770; x_wconf 88' lang='lat' dir='ltr'><strong>sub</strong></span> <span class='ocrx_word' id='word_1_137' title='bbox 214 1718 281 1771; x_wconf 88' lang='lat' dir='ltr'><strong>aede</strong></span> <span class='ocrx_word' id='word_1_138' title='bbox 292 1719 405 1771; x_wconf 87' lang='lat' dir='ltr'><strong>Saturni</strong></span> <span class='ocrx_word' id='word_1_139' title='bbox 419 1720 454 1770; x_wconf 84' lang='lat' dir='ltr'><strong>ad</strong></span> <span class='ocrx_word' id='word_1_140' title='bbox 468 1721 629 1772; x_wconf 86' lang='lat' dir='ltr'><strong>milliarium</strong></span> <span class='ocrx_word' id='word_1_141' title='bbox 640 1737 752 1773; x_wconf 89' lang='lat' dir='ltr'><strong>aureum</strong></span> <span class='ocrx_word' id='word_1_142' title='bbox 764 1719 871 1788; x_wconf 90' lang='lat' dir='ltr'><strong>opperi-</strong></span> 
     </span>
     <span class='ocr_line' id='line_1_21' title="bbox 73 1793 871 1864; baseline -0.001 -18"><span class='ocrx_word' id='word_1_143' title='bbox 73 1803 183 1859; x_wconf 88' lang='lat' dir='ltr'><strong>rentur,</strong></span> <span class='ocrx_word' id='word_1_144' title='bbox 194 1810 274 1846; x_wconf 89' lang='lat' dir='ltr'><strong>mane</strong></span> <span class='ocrx_word' id='word_1_145' title='bbox 285 1793 403 1846; x_wconf 82' lang='lat' dir='ltr'><strong>Galbam</strong></span> <span class='ocrx_word' id='word_1_146' title='bbox 414 1797 563 1858; x_wconf 82' lang='lat' dir='ltr'><strong>salutavit3</strong></span> <span class='ocrx_word' id='word_1_147' title='bbox 583 1803 668 1864; x_wconf 91' lang='lat' dir='ltr'><strong>utque</strong></span> <span class='ocrx_word' id='word_1_148' title='bbox 679 1801 871 1858; x_wconf 86' lang='lat' dir='ltr'><strong>consueverat,</strong></span> 
     </span>
     <span class='ocr_line' id='line_1_22' title="bbox 76 1869 872 1937; baseline -0.004 -15"><span class='ocrx_word' id='word_1_149' title='bbox 76 1871 175 1922; x_wconf 88' lang='lat' dir='ltr'><strong>osculo</strong></span> <span class='ocrx_word' id='word_1_150' title='bbox 187 1877 325 1937; x_wconf 87' lang='lat' dir='ltr'><strong>exceptus,</strong></span> <span class='ocrx_word' id='word_1_151' title='bbox 337 1870 421 1922; x_wconf 87' lang='lat' dir='ltr'><strong>etiarn</strong></span> <span class='ocrx_word' id='word_1_152' title='bbox 431 1870 599 1920; x_wconf 83' lang='lat' dir='ltr'><strong>sacrificanti</strong></span> <span class='ocrx_word' id='word_1_153' title='bbox 608 1871 742 1933; x_wconf 79' lang='lat' dir='ltr'><strong>interfuit,</strong></span> <span class='ocrx_word' id='word_1_154' title='bbox 754 1869 872 1920; x_wconf 77' lang='lat' dir='ltr'><strong>erudivit-</strong></span> 
     </span>
     <span class='ocr_line' id='line_1_23' title="bbox 76 1943 872 2014; baseline -0.005 -16"><span class='ocrx_word' id='word_1_155' title='bbox 76 1961 129 2014; x_wconf 85' lang='lat' dir='ltr'><strong>que</strong></span> <span class='ocrx_word' id='word_1_156' title='bbox 149 1945 295 2014; x_wconf 87' lang='lat' dir='ltr'><strong>praedicta</strong></span> <span class='ocrx_word' id='word_1_157' title='bbox 314 1944 478 2012; x_wconf 87' lang='lat' dir='ltr'><strong>haruspicis.</strong></span> <span class='ocrx_word' id='word_1_158' title='bbox 527 1944 634 1996; x_wconf 85' lang='lat' dir='ltr'><strong>Deinde</strong></span> <span class='ocrx_word' id='word_1_159' title='bbox 653 1946 753 1996; x_wconf 87' lang='lat' dir='ltr'><strong>liberto</strong></span> <span class='ocrx_word' id='word_1_160' title='bbox 775 1943 872 1994; x_wconf 88' lang='lat' dir='ltr'><strong>adesse</strong></span> 
     </span>
     <span class='ocr_line' id='line_1_24' title="bbox 76 2019 871 2088; baseline -0.006 -16"><span class='ocrx_word' id='word_1_161' title='bbox 76 2019 245 2073; x_wconf 84' lang='lat' dir='ltr'><strong>architectos</strong></span> <span class='ocrx_word' id='word_1_162' title='bbox 274 2022 435 2084; x_wconf 88' lang='lat' dir='ltr'><strong>nunciante,</strong></span> <span class='ocrx_word' id='word_1_163' title='bbox 466 2019 542 2088; x_wconf 92' lang='lat' dir='ltr'><strong>quod</strong></span> <span class='ocrx_word' id='word_1_164' title='bbox 565 2021 674 2087; x_wconf 87' lang='lat' dir='ltr'><strong>signum</strong></span> <span class='ocrx_word' id='word_1_165' title='bbox 698 2025 871 2081; x_wconf 88' lang='lat' dir='ltr'><strong>convenerat,</strong></span> 
     </span>
     <span class='ocr_line' id='line_1_25' title="bbox 76 2093 872 2164; baseline -0.004 -17"><span class='ocrx_word' id='word_1_166' title='bbox 76 2095 161 2164; x_wconf 88' lang='lat' dir='ltr'><strong>quasi</strong></span> <span class='ocrx_word' id='word_1_167' title='bbox 173 2095 298 2148; x_wconf 88' lang='lat' dir='ltr'><strong>venalem</strong></span> <span class='ocrx_word' id='word_1_168' title='bbox 313 2097 425 2147; x_wconf 88' lang='lat' dir='ltr'><strong>domurn</strong></span> <span class='ocrx_word' id='word_1_169' title='bbox 438 2097 612 2163; x_wconf 89' lang='lat' dir='ltr'><strong>inspecturus</strong></span> <span class='ocrx_word' id='word_1_170' title='bbox 628 2094 773 2159; x_wconf 87' lang='lat' dir='ltr'><strong>abscessit,</strong></span> <span class='ocrx_word' id='word_1_171' title='bbox 783 2093 872 2162; x_wconf 88' lang='lat' dir='ltr'><strong>prori-</strong></span> 
     </span>
     <span class='ocr_line' id='line_1_26' title="bbox 77 2169 872 2240; baseline -0.005 -17"><span class='ocrx_word' id='word_1_172' title='bbox 77 2173 194 2240; x_wconf 89' lang='lat' dir='ltr'><strong>puitque</strong></span> <span class='ocrx_word' id='word_1_173' title='bbox 218 2187 248 2223; x_wconf 83' lang='lat' dir='ltr'><strong>ee</strong></span> <span class='ocrx_word' id='word_1_174' title='bbox 270 2172 379 2239; x_wconf 88' lang='lat' dir='ltr'><strong>postica</strong></span> <span class='ocrx_word' id='word_1_175' title='bbox 402 2179 480 2240; x_wconf 89' lang='lat' dir='ltr'><strong>parte</strong></span> <span class='ocrx_word' id='word_1_176' title='bbox 503 2169 608 2222; x_wconf 88' lang='lat' dir='ltr'><strong>Palatii</strong></span> <span class='ocrx_word' id='word_1_177' title='bbox 628 2171 663 2221; x_wconf 91' lang='lat' dir='ltr'><strong>ad</strong></span> <span class='ocrx_word' id='word_1_178' title='bbox 683 2169 872 2222; x_wconf 79' lang='lat' dir='ltr'><strong>constinrtum.</strong></span> 
     </span>
     <span class='ocr_line' id='line_1_27' title="bbox 76 2245 874 2313; baseline -0.003 -17"><span class='ocrx_word' id='word_1_179' title='bbox 76 2246 133 2298; x_wconf 81' lang='lat' dir='ltr'><strong>Alii</strong></span> <span class='ocrx_word' id='word_1_180' title='bbox 146 2246 251 2298; x_wconf 84' lang='lat' dir='ltr'><strong>febrem</strong></span> <span class='ocrx_word' id='word_1_181' title='bbox 266 2246 410 2297; x_wconf 88' lang='lat' dir='ltr'><strong>simulasse</strong></span> <span class='ocrx_word' id='word_1_182' title='bbox 425 2248 514 2311; x_wconf 88' lang='lat' dir='ltr'><strong>aiunt,</strong></span> <span class='ocrx_word' id='word_1_183' title='bbox 534 2261 649 2313; x_wconf 88' lang='lat' dir='ltr'><strong>eamque</strong></span> <span class='ocrx_word' id='word_1_184' title='bbox 668 2245 874 2297; x_wconf 89' lang='lat' dir='ltr'><strong>excusationem</strong></span> 
     </span>
     <span class='ocr_line' id='line_1_28' title="bbox 77 2318 874 2390; baseline -0.008 -17"><span class='ocrx_word' id='word_1_185' title='bbox 77 2318 214 2390; x_wconf 87' lang='lat' dir='ltr'><strong>proximis</strong></span> <span class='ocrx_word' id='word_1_186' title='bbox 229 2321 386 2385; x_wconf 89' lang='lat' dir='ltr'><strong>mandasse,</strong></span> <span class='ocrx_word' id='word_1_187' title='bbox 406 2322 431 2371; x_wconf 93' lang='lat' dir='ltr'><strong>si</strong></span> <span class='ocrx_word' id='word_1_188' title='bbox 445 2329 630 2389; x_wconf 87' lang='lat' dir='ltr'><strong>quaereretur.</strong></span> <span class='ocrx_word' id='word_1_189' title='bbox 669 2321 749 2374; x_wconf 87' lang='lat' dir='ltr'><strong>Tunc</strong></span> <span class='ocrx_word' id='word_1_190' title='bbox 763 2320 874 2372; x_wconf 90' lang='lat' dir='ltr'><strong>abditus</strong></span> 
     </span>
     <span class='ocr_line' id='line_1_29' title="bbox 78 2393 874 2466; baseline -0.006 -19"><span class='ocrx_word' id='word_1_191' title='bbox 78 2411 198 2466; x_wconf 89' lang='lat' dir='ltr'><strong>propere</strong></span> <span class='ocrx_word' id='word_1_192' title='bbox 212 2397 341 2448; x_wconf 85' lang='lat' dir='ltr'><strong>muliebri</strong></span> <span class='ocrx_word' id='word_1_193' title='bbox 355 2396 423 2447; x_wconf 85' lang='lat' dir='ltr'><strong>sella</strong></span> <span class='ocrx_word' id='word_1_194' title='bbox 436 2397 466 2446; x_wconf 92' lang='lat' dir='ltr'><strong>in</strong></span> <span class='ocrx_word' id='word_1_195' title='bbox 480 2403 572 2448; x_wconf 84' lang='lat' dir='ltr'><strong>castra</strong></span> <span class='ocrx_word' id='word_1_196' title='bbox 586 2397 746 2448; x_wconf 71' lang='lat' dir='ltr'><strong>contendite</strong></span> <span class='ocrx_word' id='word_1_197' title='bbox 766 2411 800 2446; x_wconf 91' lang='lat' dir='ltr'><strong>ac</strong></span> <span class='ocrx_word' id='word_1_198' title='bbox 810 2393 874 2444; x_wconf 88' lang='lat' dir='ltr'><strong>defi-</strong></span> 
     </span>
     <span class='ocr_line' id='line_1_30' title="bbox 79 2471 876 2540; baseline -0.008 -16"><span class='ocrx_word' id='word_1_199' title='bbox 79 2473 217 2524; x_wconf 85' lang='lat' dir='ltr'><strong>cientibus</strong></span> <span class='ocrx_word' id='word_1_200' title='bbox 231 2473 392 2536; x_wconf 87' lang='lat' dir='ltr'><strong>lecticariis,</strong></span> <span class='ocrx_word' id='word_1_201' title='bbox 415 2485 498 2540; x_wconf 87' lang='lat' dir='ltr'><strong>quunr</strong></span> <span class='ocrx_word' id='word_1_202' title='bbox 512 2471 697 2523; x_wconf 83' lang='lat' dir='ltr'><strong>descendisset</strong></span> <span class='ocrx_word' id='word_1_203' title='bbox 712 2483 876 2537; x_wconf 73' lang='lat' dir='ltr'><strong>cansamque</strong></span> 
     </span>
     <span class='ocr_line' id='line_1_31' title="bbox 79 2544 876 2616; baseline -0.009 -16"><span class='ocrx_word' id='word_1_204' title='bbox 79 2549 210 2616; x_wconf 87' lang='lat' dir='ltr'><strong>cepisset,</strong></span> <span class='ocrx_word' id='word_1_205' title='bbox 226 2548 321 2599; x_wconf 88' lang='lat' dir='ltr'><strong>laxato</strong></span> <span class='ocrx_word' id='word_1_206' title='bbox 337 2547 430 2598; x_wconf 85' lang='lat' dir='ltr'><strong>calceo</strong></span> <span class='ocrx_word' id='word_1_207' title='bbox 444 2546 559 2610; x_wconf 87' lang='lat' dir='ltr'><strong>restitit,</strong></span> <span class='ocrx_word' id='word_1_208' title='bbox 571 2546 671 2610; x_wconf 90' lang='lat' dir='ltr'><strong>donec,</strong></span> <span class='ocrx_word' id='word_1_209' title='bbox 684 2544 787 2596; x_wconf 87' lang='lat' dir='ltr'><strong>omissa</strong></span> <span class='ocrx_word' id='word_1_210' title='bbox 796 2557 876 2594; x_wconf 88' lang='lat' dir='ltr'><strong>mora</strong></span> 
     </span>
     <span class='ocr_line' id='line_1_32' title="bbox 78 2621 876 2691; baseline -0.005 -19"><span class='ocrx_word' id='word_1_211' title='bbox 78 2623 265 2688; x_wconf 83' lang='lat' dir='ltr'><strong>succollatus,</strong></span> <span class='ocrx_word' id='word_1_212' title='bbox 279 2628 307 2674; x_wconf 91' lang='lat' dir='ltr'><strong>et</strong></span> <span class='ocrx_word' id='word_1_213' title='bbox 321 2637 338 2673; x_wconf 88' lang='lat' dir='ltr'><strong>a</strong></span> <span class='ocrx_word' id='word_1_214' title='bbox 351 2627 495 2691; x_wconf 86' lang='lat' dir='ltr'><strong>praesente</strong></span> <span class='ocrx_word' id='word_1_215' title='bbox 507 2621 802 2688; x_wconf 85' lang='lat' dir='ltr'><strong>comitatuimperator</strong></span> <span class='ocrx_word' id='word_1_216' title='bbox 812 2633 876 2670; x_wconf 88' lang='lat' dir='ltr'><strong>cou-</strong></span> 
     </span>
     <span class='ocr_line' id='line_1_33' title="bbox 77 2695 877 2763; baseline -0.008 -12"><span class='ocrx_word' id='word_1_217' title='bbox 77 2697 239 2762; x_wconf 82' lang='lat' dir='ltr'><strong>salutatus,</strong></span> <span class='ocrx_word' id='word_1_218' title='bbox 259 2698 333 2749; x_wconf 87' lang='lat' dir='ltr'><strong>inter</strong></span> <span class='ocrx_word' id='word_1_219' title='bbox 350 2696 458 2748; x_wconf 83' lang='lat' dir='ltr'><strong>faustas</strong></span> <span class='ocrx_word' id='word_1_220' title='bbox 478 2696 692 2748; x_wconf 83' lang='lat' dir='ltr'><strong>acclamationes</strong></span> <span class='ocrx_word' id='word_1_221' title='bbox 710 2695 877 2763; x_wconf 78' lang='lat' dir='ltr'><strong>strictosque</strong></span> 
     </span>
     <span class='ocr_line' id='line_1_34' title="bbox 77 2768 877 2844; baseline -0.006 -16"><span class='ocrx_word' id='word_1_222' title='bbox 77 2774 192 2844; x_wconf 85' lang='lat' dir='ltr'><strong>gladios</strong></span> <span class='ocrx_word' id='word_1_223' title='bbox 208 2773 243 2824; x_wconf 90' lang='lat' dir='ltr'><strong>ad</strong></span> <span class='ocrx_word' id='word_1_224' title='bbox 258 2773 395 2844; x_wconf 88' lang='lat' dir='ltr'><strong>principia</strong></span> <span class='ocrx_word' id='word_1_225' title='bbox 409 2769 529 2838; x_wconf 87' lang='lat' dir='ltr'><strong>devenit,</strong></span> <span class='ocrx_word' id='word_1_226' title='bbox 542 2771 624 2824; x_wconf 89' lang='lat' dir='ltr'><strong>obvio</strong></span> <span class='ocrx_word' id='word_1_227' title='bbox 636 2785 747 2842; x_wconf 87' lang='lat' dir='ltr'><strong>quoque</strong></span> <span class='ocrx_word' id='word_1_228' title='bbox 760 2785 817 2823; x_wconf 92' lang='lat' dir='ltr'><strong>non</strong></span> <span class='ocrx_word' id='word_1_229' title='bbox 828 2768 877 2823; x_wconf 88' lang='lat' dir='ltr'><strong>ali-</strong></span> 
     </span>
    </p>
   </div>
   <div class='ocr_carea' id='block_1_3' title="bbox 0 0 1031 3022">
    <p class='ocr_par' dir='ltr' id='par_1_4' title="bbox 0 0 1031 3022">
     <span class='ocr_line' id='line_1_35' title="bbox 0 0 1031 3022; baseline 0 0"><span class='ocrx_word' id='word_1_230' title='bbox 0 0 1031 3022; x_wconf 95' lang='lat' dir='ltr'><strong> </strong></span> 
     </span>
    </p>
   </div>
  </div>
 </body>
</html>
