<?xml version="1.0" encoding="UTF-8"?>
<!DOCTYPE html PUBLIC "-//W3C//DTD XHTML 1.0 Transitional//EN"
    "http://www.w3.org/TR/xhtml1/DTD/xhtml1-transitional.dtd">
<html xmlns="http://www.w3.org/1999/xhtml" xml:lang="en" lang="en">
 <head>
  <title>
</title>
<meta http-equiv="Content-Type" content="text/html;charset=utf-8" />
  <meta name='ocr-system' content='tesseract 3.04.00' />
  <meta name='ocr-capabilities' content='ocr_page ocr_carea ocr_par ocr_line ocrx_word'/>
</head>
<body>
  <div class='ocr_page' id='page_1' title='image "./csuetoniitranqu05suetgoog_0047.png"; bbox 0 0 2026 3020; ppageno 0'>
   <div class='ocr_carea' id='block_1_1' title="bbox 224 204 904 258">
    <p class='ocr_par' dir='ltr' id='par_1_1' title="bbox 224 204 904 258">
     <span class='ocr_line' id='line_1_1' title="bbox 224 204 904 258; baseline 0.01 -7"><span class='ocrx_word' id='word_1_1' title='bbox 224 206 355 253; x_wconf 75' lang='lat' dir='ltr'>roaros</span> <span class='ocrx_word' id='word_1_2' title='bbox 381 207 535 254; x_wconf 73' lang='lat' dir='ltr'>censae.</span> <span class='ocrx_word' id='word_1_3' title='bbox 574 209 787 254; x_wconf 76' lang='lat' dir='ltr'>osaea-es.</span> <span class='ocrx_word' id='word_1_4' title='bbox 829 217 831 222; x_wconf 95' lang='lat'>·</span> <span class='ocrx_word' id='word_1_5' title='bbox 872 204 904 258; x_wconf 73' lang='lat'>³5</span> 
     </span>
    </p>
   </div>
   <div class='ocr_carea' id='block_1_2' title="bbox 32 329 907 2423">
    <p class='ocr_par' dir='ltr' id='par_1_2' title="bbox 32 329 907 2423">
     <span class='ocr_line' id='line_1_2' title="bbox 103 329 906 400; baseline 0.005 -18"><span class='ocrx_word' id='word_1_6' title='bbox 103 330 239 400; x_wconf 88' lang='lat' dir='ltr'>pletiores</span> <span class='ocrx_word' id='word_1_7' title='bbox 249 331 278 381; x_wconf 92' lang='lat' dir='ltr'>in</span> <span class='ocrx_word' id='word_1_8' title='bbox 288 347 317 382; x_wconf 96' lang='lat' dir='ltr'>se</span> <span class='ocrx_word' id='word_1_9' title='bbox 328 329 517 384; x_wconf 86' lang='lat' dir='ltr'>eontulissent.</span> <span class='ocrx_word' id='word_1_10' title='bbox 557 331 653 397; x_wconf 84' lang='lat' dir='ltr'>Neque</span> <span class='ocrx_word' id='word_1_11' title='bbox 667 331 696 384; x_wconf 85' lang='lat' dir='ltr'>in</span> <span class='ocrx_word' id='word_1_12' title='bbox 707 337 764 382; x_wconf 86' lang='lat' dir='ltr'>tam</span> <span class='ocrx_word' id='word_1_13' title='bbox 776 333 906 388; x_wconf 84' lang='lat' dir='ltr'>diuturno</span> 
     </span>
     <span class='ocr_line' id='line_1_3' title="bbox 102 406 906 475; baseline 0.002 -19"><span class='ocrx_word' id='word_1_14' title='bbox 102 406 201 474; x_wconf 83' lang='lat' dir='ltr'>spatio</span> <span class='ocrx_word' id='word_1_15' title='bbox 223 407 367 473; x_wconf 87' lang='lat' dir='ltr'>quisquam</span> <span class='ocrx_word' id='word_1_16' title='bbox 392 408 504 458; x_wconf 90' lang='lat' dir='ltr'>omnino</span> <span class='ocrx_word' id='word_1_17' title='bbox 530 407 657 458; x_wconf 80' lang='lat' dir='ltr'>descivit:</span> <span class='ocrx_word' id='word_1_18' title='bbox 688 407 812 474; x_wconf 77' lang='lat' dir='ltr'>plerique</span> <span class='ocrx_word' id='word_1_19' title='bbox 833 409 906 475; x_wconf 85' lang='lat' dir='ltr'>eapti</span> 
     </span>
     <span class='ocr_line' id='line_1_4' title="bbox 106 482 905 545; baseline 0.003 -13"><span class='ocrx_word' id='word_1_20' title='bbox 106 497 268 532; x_wconf 76' lang='lat' dir='ltr'>concessam</span> <span class='ocrx_word' id='word_1_21' title='bbox 279 483 335 532; x_wconf 92' lang='lat' dir='ltr'>sibi</span> <span class='ocrx_word' id='word_1_22' title='bbox 344 483 395 534; x_wconf 89' lang='lat' dir='ltr'>sub</span> <span class='ocrx_word' id='word_1_23' title='bbox 408 483 568 534; x_wconf 86' lang='lat' dir='ltr'>conditione</span> <span class='ocrx_word' id='word_1_24' title='bbox 577 483 677 545; x_wconf 88' lang='lat' dir='ltr'>vitam,</span> <span class='ocrx_word' id='word_1_25' title='bbox 693 482 719 532; x_wconf 90' lang='lat' dir='ltr'>si</span> <span class='ocrx_word' id='word_1_26' title='bbox 729 483 849 534; x_wconf 85' lang='lat' dir='ltr'>militare</span> <span class='ocrx_word' id='word_1_27' title='bbox 860 484 905 534; x_wconf 77' lang='lat' dir='ltr'>ael·</span> 
     </span>
     <span class='ocr_line' id='line_1_5' title="bbox 32 557 906 626; baseline 0 -18"><span class='ocrx_word' id='word_1_28' title='bbox 32 611 38 626; x_wconf 52' lang='lat'>‚</span> <span class='ocrx_word' id='word_1_29' title='bbox 103 571 203 608; x_wconf 85' lang='lat' dir='ltr'>versus</span> <span class='ocrx_word' id='word_1_30' title='bbox 223 573 283 608; x_wconf 91' lang='lat' dir='ltr'>eum</span> <span class='ocrx_word' id='word_1_31' title='bbox 294 557 408 620; x_wconf 86' lang='lat' dir='ltr'>vellent,</span> <span class='ocrx_word' id='word_1_32' title='bbox 428 563 600 609; x_wconf 77' lang='lat' dir='ltr'>recusarunt</span> <span class='ocrx_word' id='word_1_33' title='bbox 639 557 750 608; x_wconf 81' lang='lat' dir='ltr'>Famem</span> <span class='ocrx_word' id='word_1_34' title='bbox 763 563 790 608; x_wconf 88' lang='lat' dir='ltr'>et</span> <span class='ocrx_word' id='word_1_35' title='bbox 801 564 906 610; x_wconf 83' lang='lat' dir='ltr'>ceteras</span> 
     </span>
     <span class='ocr_line' id='line_1_6' title="bbox 103 632 907 699; baseline 0 -15"><span class='ocrx_word' id='word_1_36' title='bbox 103 632 297 694; x_wconf 75' lang='lat' dir='ltr'>necessitates,</span> <span class='ocrx_word' id='word_1_37' title='bbox 308 648 364 682; x_wconf 88' lang='lat' dir='ltr'>non</span> <span class='ocrx_word' id='word_1_38' title='bbox 375 648 458 699; x_wconf 90' lang='lat' dir='ltr'>quum</span> <span class='ocrx_word' id='word_1_39' title='bbox 470 633 661 684; x_wconf 81' lang='lat' dir='ltr'>obsiderentur</span> <span class='ocrx_word' id='word_1_40' title='bbox 671 633 755 684; x_wconf 73' lang='lat' dir='ltr'>niodo</span> <span class='ocrx_word' id='word_1_41' title='bbox 761 671 771 696; x_wconf 92' lang='lat'>,</span> <span class='ocrx_word' id='word_1_42' title='bbox 786 633 835 684; x_wconf 91' lang='lat' dir='ltr'>sed</span> <span class='ocrx_word' id='word_1_43' title='bbox 845 639 872 684; x_wconf 91' lang='lat' dir='ltr'>et</span> <span class='ocrx_word' id='word_1_44' title='bbox 883 635 907 684; x_wconf 89' lang='lat' dir='ltr'>si</span> 
     </span>
     <span class='ocr_line' id='line_1_7' title="bbox 106 707 905 778; baseline 0.003 -22"><span class='ocrx_word' id='word_1_45' title='bbox 106 707 178 758; x_wconf 86' lang='lat' dir='ltr'>alios</span> <span class='ocrx_word' id='word_1_46' title='bbox 188 708 247 773; x_wconf 88' lang='lat' dir='ltr'>ipsi</span> <span class='ocrx_word' id='word_1_47' title='bbox 260 707 432 772; x_wconf 82' lang='lat' dir='ltr'>obsiderent,</span> <span class='ocrx_word' id='word_1_48' title='bbox 446 713 592 775; x_wconf 80' lang='lat' dir='ltr'>tantopere</span> <span class='ocrx_word' id='word_1_49' title='bbox 606 707 776 774; x_wconf 87' lang='lat' dir='ltr'>tolerabant,</span> <span class='ocrx_word' id='word_1_50' title='bbox 790 715 823 758; x_wconf 88' lang='lat' dir='ltr'>ut</span> <span class='ocrx_word' id='word_1_51' title='bbox 832 708 905 778; x_wconf 84' lang='lat' dir='ltr'>Dyr-</span> 
     </span>
     <span class='ocr_line' id='line_1_8' title="bbox 104 780 906 852; baseline 0.002 -20"><span class='ocrx_word' id='word_1_52' title='bbox 104 780 240 832; x_wconf 85' lang='lat' dir='ltr'>rhaehiua</span> <span class='ocrx_word' id='word_1_53' title='bbox 250 782 403 834; x_wconf 89' lang='lat' dir='ltr'>munitione</span> <span class='ocrx_word' id='word_1_54' title='bbox 414 781 575 850; x_wconf 89' lang='lat' dir='ltr'>Pompeius,</span> <span class='ocrx_word' id='word_1_55' title='bbox 591 783 651 834; x_wconf 89' lang='lat' dir='ltr'>viso</span> <span class='ocrx_word' id='word_1_56' title='bbox 666 799 766 850; x_wconf 82' lang='lat' dir='ltr'>genere</span> <span class='ocrx_word' id='word_1_57' title='bbox 780 785 861 852; x_wconf 72' lang='lat' dir='ltr'>panis</span> <span class='ocrx_word' id='word_1_58' title='bbox 873 798 906 836; x_wconf 84' lang='lat' dir='ltr'>ex</span> 
     </span>
     <span class='ocr_line' id='line_1_9' title="bbox 105 855 905 923; baseline 0.003 -17"><span class='ocrx_word' id='word_1_59' title='bbox 105 855 204 920; x_wconf 88' lang='lat' dir='ltr'>herba,</span> <span class='ocrx_word' id='word_1_60' title='bbox 226 873 282 923; x_wconf 89' lang='lat' dir='ltr'>quo</span> <span class='ocrx_word' id='word_1_61' title='bbox 297 858 515 922; x_wconf 85' lang='lat' dir='ltr'>sustinebantur,</span> <span class='ocrx_word' id='word_1_62' title='bbox 537 875 598 910; x_wconf 87' lang='lat' dir='ltr'>eum</span> <span class='ocrx_word' id='word_1_63' title='bbox 617 857 684 910; x_wconf 80' lang='lat' dir='ltr'>feris</span> <span class='ocrx_word' id='word_1_64' title='bbox 703 859 758 910; x_wconf 86' lang='lat' dir='ltr'>sibi</span> <span class='ocrx_word' id='word_1_65' title='bbox 773 875 830 910; x_wconf 88' lang='lat' dir='ltr'>rem</span> <span class='ocrx_word' id='word_1_66' title='bbox 846 875 905 910; x_wconf 88' lang='lat' dir='ltr'>esse</span> 
     </span>
     <span class='ocr_line' id='line_1_10' title="bbox 106 932 905 1000; baseline 0.003 -18"><span class='ocrx_word' id='word_1_67' title='bbox 106 932 216 996; x_wconf 85' lang='lat' dir='ltr'>dixerit,</span> <span class='ocrx_word' id='word_1_68' title='bbox 223 933 401 1000; x_wconf 89' lang='lat' dir='ltr'>amoverique</span> <span class='ocrx_word' id='word_1_69' title='bbox 411 935 489 984; x_wconf 87' lang='lat' dir='ltr'>oeins</span> <span class='ocrx_word' id='word_1_70' title='bbox 499 949 550 984; x_wconf 87' lang='lat' dir='ltr'>nee</span> <span class='ocrx_word' id='word_1_71' title='bbox 561 934 688 999; x_wconf 84' lang='lat' dir='ltr'>cuiquam</span> <span class='ocrx_word' id='word_1_72' title='bbox 700 935 810 986; x_wconf 88' lang='lat' dir='ltr'>ostendi</span> <span class='ocrx_word' id='word_1_73' title='bbox 819 935 905 986; x_wconf 89' lang='lat' dir='ltr'>iusse-</span> 
     </span>
     <span class='ocr_line' id='line_1_11' title="bbox 104 1006 904 1074; baseline 0.001 -18"><span class='ocrx_word' id='word_1_74' title='bbox 104 1008 154 1070; x_wconf 89' lang='lat' dir='ltr'>rit,</span> <span class='ocrx_word' id='word_1_75' title='bbox 175 1021 210 1058; x_wconf 90' lang='lat' dir='ltr'>ne</span> <span class='ocrx_word' id='word_1_76' title='bbox 225 1008 361 1074; x_wconf 81' lang='lat' dir='ltr'>patientia</span> <span class='ocrx_word' id='word_1_77' title='bbox 375 1013 402 1058; x_wconf 91' lang='lat' dir='ltr'>et</span> <span class='ocrx_word' id='word_1_78' title='bbox 415 1009 568 1074; x_wconf 82' lang='lat' dir='ltr'>pertinacia</span> <span class='ocrx_word' id='word_1_79' title='bbox 588 1006 677 1059; x_wconf 88' lang='lat' dir='ltr'>hostis</span> <span class='ocrx_word' id='word_1_80' title='bbox 692 1008 778 1058; x_wconf 89' lang='lat' dir='ltr'>animi</span> <span class='ocrx_word' id='word_1_81' title='bbox 792 1024 904 1059; x_wconf 92' lang='lat' dir='ltr'>suorum</span> 
     </span>
     <span class='ocr_line' id='line_1_12' title="bbox 104 1081 905 1148; baseline 0.001 -17"><span class='ocrx_word' id='word_1_82' title='bbox 104 1081 307 1148; x_wconf 78' lang='lat' dir='ltr'>frangermrtur.</span> <span class='ocrx_word' id='word_1_83' title='bbox 347 1083 458 1144; x_wconf 75' lang='lat' dir='ltr'>Quanta</span> <span class='ocrx_word' id='word_1_84' title='bbox 468 1081 632 1134; x_wconf 84' lang='lat' dir='ltr'>fortitudine</span> <span class='ocrx_word' id='word_1_85' title='bbox 648 1082 851 1146; x_wconf 83' lang='lat' dir='ltr'>dimicaverint,</span> <span class='ocrx_word' id='word_1_86' title='bbox 866 1088 905 1132; x_wconf 90' lang='lat' dir='ltr'>te-</span> 
     </span>
     <span class='ocr_line' id='line_1_13' title="bbox 105 1155 905 1226; baseline -0.001 -19"><span class='ocrx_word' id='word_1_87' title='bbox 105 1157 238 1208; x_wconf 87' lang='lat' dir='ltr'>stimonio</span> <span class='ocrx_word' id='word_1_88' title='bbox 250 1163 300 1220; x_wconf 88' lang='lat' dir='ltr'>est,</span> <span class='ocrx_word' id='word_1_89' title='bbox 306 1157 513 1225; x_wconf 84' lang='lat' dir='ltr'>quod,adverso</span> <span class='ocrx_word' id='word_1_90' title='bbox 525 1157 609 1209; x_wconf 91' lang='lat' dir='ltr'>semel</span> <span class='ocrx_word' id='word_1_91' title='bbox 620 1158 694 1225; x_wconf 86' lang='lat' dir='ltr'>apud</span> <span class='ocrx_word' id='word_1_92' title='bbox 700 1155 905 1226; x_wconf 88' lang='lat' dir='ltr'>Dyrrhachium</span> 
     </span>
     <span class='ocr_line' id='line_1_14' title="bbox 103 1231 905 1300; baseline 0.001 -18"><span class='ocrx_word' id='word_1_93' title='bbox 103 1231 228 1300; x_wconf 90' lang='lat' dir='ltr'>proelio,</span> <span class='ocrx_word' id='word_1_94' title='bbox 248 1247 366 1299; x_wconf 89' lang='lat' dir='ltr'>poenam</span> <span class='ocrx_word' id='word_1_95' title='bbox 381 1234 450 1284; x_wconf 89' lang='lat' dir='ltr'>inse</span> <span class='ocrx_word' id='word_1_96' title='bbox 460 1234 533 1284; x_wconf 89' lang='lat' dir='ltr'>ultro</span> <span class='ocrx_word' id='word_1_97' title='bbox 546 1233 780 1300; x_wconf 83' lang='lat' dir='ltr'>depoposcerunt3</span> <span class='ocrx_word' id='word_1_98' title='bbox 800 1239 905 1286; x_wconf 86' lang='lat' dir='ltr'>utcon-</span> 
     </span>
     <span class='ocr_line' id='line_1_15' title="bbox 103 1306 905 1375; baseline 0 -17"><span class='ocrx_word' id='word_1_99' title='bbox 103 1306 239 1359; x_wconf 85' lang='lat' dir='ltr'>solandos</span> <span class='ocrx_word' id='word_1_100' title='bbox 254 1323 302 1358; x_wconf 88' lang='lat' dir='ltr'>eos</span> <span class='ocrx_word' id='word_1_101' title='bbox 317 1309 406 1374; x_wconf 82' lang='lat' dir='ltr'>magis</span> <span class='ocrx_word' id='word_1_102' title='bbox 419 1309 572 1375; x_wconf 87' lang='lat' dir='ltr'>imperator</span> <span class='ocrx_word' id='word_1_103' title='bbox 587 1324 669 1375; x_wconf 88' lang='lat' dir='ltr'>quam</span> <span class='ocrx_word' id='word_1_104' title='bbox 688 1309 843 1375; x_wconf 85' lang='lat' dir='ltr'>puniendos</span> <span class='ocrx_word' id='word_1_105' title='bbox 858 1307 905 1358; x_wconf 89' lang='lat' dir='ltr'>ha·</span> 
     </span>
     <span class='ocr_line' id='line_1_16' title="bbox 102 1381 902 1449; baseline 0.001 -17"><span class='ocrx_word' id='word_1_106' title='bbox 102 1381 204 1433; x_wconf 87' lang='lat' dir='ltr'>buerit.</span> <span class='ocrx_word' id='word_1_107' title='bbox 244 1381 348 1434; x_wconf 86' lang='lat' dir='ltr'>Ceteris</span> <span class='ocrx_word' id='word_1_108' title='bbox 369 1383 483 1449; x_wconf 86' lang='lat' dir='ltr'>proeliis</span> <span class='ocrx_word' id='word_1_109' title='bbox 502 1385 660 1436; x_wconf 87' lang='lat' dir='ltr'>innumeras</span> <span class='ocrx_word' id='word_1_110' title='bbox 681 1384 902 1438; x_wconf 87' lang='lat' dir='ltr'>adversariorum</span> 
     </span>
     <span class='ocr_line' id='line_1_17' title="bbox 103 1457 903 1528; baseline 0.004 -21"><span class='ocrx_word' id='word_1_111' title='bbox 103 1457 210 1523; x_wconf 80' lang='lat' dir='ltr'>copias,</span> <span class='ocrx_word' id='word_1_112' title='bbox 221 1457 315 1508; x_wconf 87' lang='lat' dir='ltr'>multis</span> <span class='ocrx_word' id='word_1_113' title='bbox 327 1459 452 1524; x_wconf 89' lang='lat' dir='ltr'>partibus</span> <span class='ocrx_word' id='word_1_114' title='bbox 462 1459 518 1526; x_wconf 87' lang='lat' dir='ltr'>ipsi</span> <span class='ocrx_word' id='word_1_115' title='bbox 527 1459 686 1526; x_wconf 87' lang='lat' dir='ltr'>pauciores,</span> <span class='ocrx_word' id='word_1_116' title='bbox 698 1458 781 1510; x_wconf 85' lang='lat' dir='ltr'>facile</span> <span class='ocrx_word' id='word_1_117' title='bbox 792 1475 903 1528; x_wconf 85' lang='lat' dir='ltr'>supera·</span> 
     </span>
     <span class='ocr_line' id='line_1_18' title="bbox 101 1529 903 1600; baseline 0.002 -18"><span class='ocrx_word' id='word_1_118' title='bbox 101 1538 211 1590; x_wconf 89' lang='lat' dir='ltr'>verunt.</span> <span class='ocrx_word' id='word_1_119' title='bbox 250 1529 376 1599; x_wconf 88' lang='lat' dir='ltr'>Denique</span> <span class='ocrx_word' id='word_1_120' title='bbox 387 1543 442 1584; x_wconf 81' lang='lat' dir='ltr'>nna</span> <span class='ocrx_word' id='word_1_121' title='bbox 453 1540 548 1585; x_wconf 83' lang='lat' dir='ltr'>sextae</span> <span class='ocrx_word' id='word_1_122' title='bbox 558 1534 678 1600; x_wconf 85' lang='lat' dir='ltr'>legionis</span> <span class='ocrx_word' id='word_1_123' title='bbox 694 1532 808 1597; x_wconf 86' lang='lat' dir='ltr'>cohors,</span> <span class='ocrx_word' id='word_1_124' title='bbox 824 1549 903 1600; x_wconf 88' lang='lat' dir='ltr'>prae-</span> 
     </span>
     <span class='ocr_line' id='line_1_19' title="bbox 100 1607 904 1676; baseline 0.001 -19"><span class='ocrx_word' id='word_1_125' title='bbox 100 1607 196 1673; x_wconf 83' lang='lat' dir='ltr'>posita</span> <span class='ocrx_word' id='word_1_126' title='bbox 212 1607 339 1672; x_wconf 85' lang='lat' dir='ltr'>castello,</span> <span class='ocrx_word' id='word_1_127' title='bbox 362 1614 481 1676; x_wconf 81' lang='lat' dir='ltr'>quatuor</span> <span class='ocrx_word' id='word_1_128' title='bbox 495 1608 622 1675; x_wconf 87' lang='lat' dir='ltr'>Pompeii</span> <span class='ocrx_word' id='word_1_129' title='bbox 642 1609 766 1675; x_wconf 77' lang='lat' dir='ltr'>legiones</span> <span class='ocrx_word' id='word_1_130' title='bbox 781 1623 835 1676; x_wconf 85' lang='lat' dir='ltr'>per</span> <span class='ocrx_word' id='word_1_131' title='bbox 854 1608 904 1658; x_wconf 86' lang='lat' dir='ltr'>ali-</span> 
     </span>
     <span class='ocr_line' id='line_1_20' title="bbox 103 1679 903 1751; baseline 0.001 -19"><span class='ocrx_word' id='word_1_132' title='bbox 103 1687 171 1750; x_wconf 84' lang='lat' dir='ltr'>quot</span> <span class='ocrx_word' id='word_1_133' title='bbox 181 1679 268 1733; x_wconf 85' lang='lat' dir='ltr'>boras</span> <span class='ocrx_word' id='word_1_134' title='bbox 277 1683 416 1748; x_wconf 85' lang='lat' dir='ltr'>sustinuit,</span> <span class='ocrx_word' id='word_1_135' title='bbox 428 1699 514 1751; x_wconf 85' lang='lat' dir='ltr'>paene</span> <span class='ocrx_word' id='word_1_136' title='bbox 526 1685 614 1736; x_wconf 90' lang='lat' dir='ltr'>omnis</span> <span class='ocrx_word' id='word_1_137' title='bbox 627 1685 736 1736; x_wconf 76' lang='lat' dir='ltr'>confixa</span> <span class='ocrx_word' id='word_1_138' title='bbox 751 1683 903 1736; x_wconf 86' lang='lat' dir='ltr'>multitudi-</span> 
     </span>
     <span class='ocr_line' id='line_1_21' title="bbox 99 1755 904 1826; baseline 0 -18"><span class='ocrx_word' id='word_1_139' title='bbox 99 1772 134 1808; x_wconf 90' lang='lat' dir='ltr'>ne</span> <span class='ocrx_word' id='word_1_140' title='bbox 144 1755 289 1808; x_wconf 84' lang='lat' dir='ltr'>hostilium</span> <span class='ocrx_word' id='word_1_141' title='bbox 300 1759 476 1824; x_wconf 80' lang='lat' dir='ltr'>sagittanrm,</span> <span class='ocrx_word' id='word_1_142' title='bbox 498 1775 614 1826; x_wconf 85' lang='lat' dir='ltr'>quarum</span> <span class='ocrx_word' id='word_1_143' title='bbox 626 1765 734 1810; x_wconf 85' lang='lat' dir='ltr'>eentum</span> <span class='ocrx_word' id='word_1_144' title='bbox 745 1775 779 1810; x_wconf 89' lang='lat' dir='ltr'>ac</span> <span class='ocrx_word' id='word_1_145' title='bbox 788 1760 904 1826; x_wconf 87' lang='lat' dir='ltr'>triginta</span> 
     </span>
     <span class='ocr_line' id='line_1_22' title="bbox 99 1831 903 1900; baseline 0.002 -18"><span class='ocrx_word' id='word_1_146' title='bbox 99 1831 191 1882; x_wconf 84' lang='lat' dir='ltr'>millia</span> <span class='ocrx_word' id='word_1_147' title='bbox 204 1832 279 1882; x_wconf 88' lang='lat' dir='ltr'>intra</span> <span class='ocrx_word' id='word_1_148' title='bbox 293 1833 397 1886; x_wconf 85' lang='lat' dir='ltr'>vallum</span> <span class='ocrx_word' id='word_1_149' title='bbox 410 1841 521 1900; x_wconf 87' lang='lat' dir='ltr'>reperta</span> <span class='ocrx_word' id='word_1_150' title='bbox 535 1840 608 1884; x_wconf 84' lang='lat' dir='ltr'>sunt.</span> <span class='ocrx_word' id='word_1_151' title='bbox 646 1833 704 1886; x_wconf 87' lang='lat' dir='ltr'>Nee</span> <span class='ocrx_word' id='word_1_152' title='bbox 715 1835 828 1897; x_wconf 89' lang='lat' dir='ltr'>mirum,</span> <span class='ocrx_word' id='word_1_153' title='bbox 848 1835 903 1884; x_wconf 87' lang='lat' dir='ltr'>sin·</span> 
     </span>
     <span class='ocr_line' id='line_1_23' title="bbox 100 1907 904 1975; baseline 0.002 -19"><span class='ocrx_word' id='word_1_154' title='bbox 100 1907 231 1974; x_wconf 80' lang='lat' dir='ltr'>gulornm</span> <span class='ocrx_word' id='word_1_155' title='bbox 246 1909 272 1959; x_wconf 89' lang='lat' dir='ltr'>si</span> <span class='ocrx_word' id='word_1_156' title='bbox 286 1909 347 1974; x_wconf 87' lang='lat' dir='ltr'>quis</span> <span class='ocrx_word' id='word_1_157' title='bbox 361 1907 438 1960; x_wconf 85' lang='lat' dir='ltr'>faeta</span> <span class='ocrx_word' id='word_1_158' title='bbox 452 1909 597 1975; x_wconf 80' lang='lat' dir='ltr'>respiciat,</span> <span class='ocrx_word' id='word_1_159' title='bbox 617 1907 661 1960; x_wconf 84' lang='lat' dir='ltr'>vel</span> <span class='ocrx_word' id='word_1_160' title='bbox 676 1908 768 1958; x_wconf 87' lang='lat' dir='ltr'>Cassii</span> <span class='ocrx_word' id='word_1_161' title='bbox 783 1908 904 1958; x_wconf 83' lang='lat' dir='ltr'>Scaevae</span> 
     </span>
     <span class='ocr_line' id='line_1_24' title="bbox 101 1981 904 2047; baseline 0 -15"><span class='ocrx_word' id='word_1_162' title='bbox 101 1983 288 2045; x_wconf 78' lang='lat' dir='ltr'>centurionis,</span> <span class='ocrx_word' id='word_1_163' title='bbox 298 1982 343 2034; x_wconf 89' lang='lat' dir='ltr'>vel</span> <span class='ocrx_word' id='word_1_164' title='bbox 354 1983 384 2034; x_wconf 84' lang='lat' dir='ltr'>C.</span> <span class='ocrx_word' id='word_1_165' title='bbox 394 1983 478 2036; x_wconf 80' lang='lat' dir='ltr'>Acilii</span> <span class='ocrx_word' id='word_1_166' title='bbox 487 1982 598 2044; x_wconf 89' lang='lat' dir='ltr'>militis,</span> <span class='ocrx_word' id='word_1_167' title='bbox 609 1997 643 2032; x_wconf 88' lang='lat' dir='ltr'>ne</span> <span class='ocrx_word' id='word_1_168' title='bbox 654 1981 688 2032; x_wconf 86' lang='lat' dir='ltr'>de</span> <span class='ocrx_word' id='word_1_169' title='bbox 698 1981 824 2047; x_wconf 90' lang='lat' dir='ltr'>pluribus</span> <span class='ocrx_word' id='word_1_170' title='bbox 835 1981 904 2032; x_wconf 82' lang='lat' dir='ltr'>refe-</span> 
     </span>
     <span class='ocr_line' id='line_1_25' title="bbox 101 2054 905 2121; baseline -0.001 -14"><span class='ocrx_word' id='word_1_171' title='bbox 101 2071 171 2108; x_wconf 88' lang='lat' dir='ltr'>ram.</span> <span class='ocrx_word' id='word_1_172' title='bbox 212 2055 330 2121; x_wconf 77' lang='lat' dir='ltr'>Scaeva,</span> <span class='ocrx_word' id='word_1_173' title='bbox 351 2074 467 2110; x_wconf 83' lang='lat' dir='ltr'>exeusso</span> <span class='ocrx_word' id='word_1_174' title='bbox 485 2057 581 2120; x_wconf 73' lang='lat' dir='ltr'>oculo,</span> <span class='ocrx_word' id='word_1_175' title='bbox 601 2057 751 2109; x_wconf 82' lang='lat' dir='ltr'>transfixus</span> <span class='ocrx_word' id='word_1_176' title='bbox 761 2054 866 2107; x_wconf 82' lang='lat' dir='ltr'>femore</span> <span class='ocrx_word' id='word_1_177' title='bbox 877 2063 905 2106; x_wconf 89' lang='lat' dir='ltr'>et</span> 
     </span>
     <span class='ocr_line' id='line_1_26' title="bbox 101 2129 901 2201; baseline 0.004 -20"><span class='ocrx_word' id='word_1_178' title='bbox 101 2129 231 2195; x_wconf 85' lang='lat' dir='ltr'>humero,</span> <span class='ocrx_word' id='word_1_179' title='bbox 253 2139 360 2184; x_wconf 90' lang='lat' dir='ltr'>eentum</span> <span class='ocrx_word' id='word_1_180' title='bbox 375 2137 402 2186; x_wconf 89' lang='lat' dir='ltr'>et</span> <span class='ocrx_word' id='word_1_181' title='bbox 415 2133 516 2201; x_wconf 80' lang='lat' dir='ltr'>viginti</span> <span class='ocrx_word' id='word_1_182' title='bbox 528 2133 630 2184; x_wconf 85' lang='lat' dir='ltr'>ictibus</span> <span class='ocrx_word' id='word_1_183' title='bbox 651 2137 729 2182; x_wconf 90' lang='lat' dir='ltr'>sento</span> <span class='ocrx_word' id='word_1_184' title='bbox 749 2131 901 2199; x_wconf 85' lang='lat' dir='ltr'>perforato,</span> 
     </span>
     <span class='ocr_line' id='line_1_27' title="bbox 101 2207 902 2275; baseline 0 -18"><span class='ocrx_word' id='word_1_185' title='bbox 101 2207 259 2258; x_wconf 80' lang='lat' dir='ltr'>custodiam</span> <span class='ocrx_word' id='word_1_186' title='bbox 270 2213 368 2275; x_wconf 88' lang='lat' dir='ltr'>portae</span> <span class='ocrx_word' id='word_1_187' title='bbox 380 2209 521 2260; x_wconf 90' lang='lat' dir='ltr'>commissi</span> <span class='ocrx_word' id='word_1_188' title='bbox 532 2207 640 2260; x_wconf 81' lang='lat' dir='ltr'>castelli</span> <span class='ocrx_word' id='word_1_189' title='bbox 650 2208 772 2260; x_wconf 84' lang='lat' dir='ltr'>retinuit.</span> <span class='ocrx_word' id='word_1_190' title='bbox 797 2208 902 2260; x_wconf 81' lang='lat' dir='ltr'>Acilius</span> 
     </span>
     <span class='ocr_line' id='line_1_28' title="bbox 98 2280 901 2352; baseline -0.002 -20"><span class='ocrx_word' id='word_1_191' title='bbox 98 2282 196 2334; x_wconf 82' lang='lat' dir='ltr'>navali</span> <span class='ocrx_word' id='word_1_192' title='bbox 206 2281 244 2334; x_wconf 84' lang='lat' dir='ltr'>ad</span> <span class='ocrx_word' id='word_1_193' title='bbox 253 2281 412 2334; x_wconf 83' lang='lat' dir='ltr'>Massiliam</span> <span class='ocrx_word' id='word_1_194' title='bbox 422 2284 544 2350; x_wconf 89' lang='lat' dir='ltr'>proelio,</span> <span class='ocrx_word' id='word_1_195' title='bbox 565 2284 675 2352; x_wconf 85' lang='lat' dir='ltr'>iniecta</span> <span class='ocrx_word' id='word_1_196' title='bbox 683 2283 712 2334; x_wconf 91' lang='lat' dir='ltr'>in</span> <span class='ocrx_word' id='word_1_197' title='bbox 723 2299 841 2350; x_wconf 84' lang='lat' dir='ltr'>puppem</span> <span class='ocrx_word' id='word_1_198' title='bbox 853 2280 901 2331; x_wconf 91' lang='lat' dir='ltr'>ho·</span> 
     </span>
     <span class='ocr_line' id='line_1_29' title="bbox 98 2355 900 2423; baseline -0.005 -16"><span class='ocrx_word' id='word_1_199' title='bbox 98 2358 183 2408; x_wconf 87' lang='lat' dir='ltr'>stium</span> <span class='ocrx_word' id='word_1_200' title='bbox 203 2357 316 2421; x_wconf 85' lang='lat' dir='ltr'>dextra,</span> <span class='ocrx_word' id='word_1_201' title='bbox 343 2364 370 2408; x_wconf 88' lang='lat' dir='ltr'>et</span> <span class='ocrx_word' id='word_1_202' title='bbox 390 2359 511 2423; x_wconf 80' lang='lat' dir='ltr'>abscisa,</span> <span class='ocrx_word' id='word_1_203' title='bbox 536 2358 716 2410; x_wconf 82' lang='lat' dir='ltr'>memorabile</span> <span class='ocrx_word' id='word_1_204' title='bbox 736 2357 806 2408; x_wconf 91' lang='lat' dir='ltr'>illud</span> <span class='ocrx_word' id='word_1_205' title='bbox 827 2355 900 2421; x_wconf 86' lang='lat' dir='ltr'>apud</span> 
     </span>
    </p>
   </div>
   <div class='ocr_carea' id='block_1_3' title="bbox 95 2429 902 2858">
    <p class='ocr_par' dir='ltr' id='par_1_3' title="bbox 95 2429 901 2573">
     <span class='ocr_line' id='line_1_30' title="bbox 99 2429 901 2499; baseline -0.005 -17"><span class='ocrx_word' id='word_1_206' title='bbox 99 2431 226 2484; x_wconf 80' lang='lat' dir='ltr'>Graecos</span> <span class='ocrx_word' id='word_1_207' title='bbox 238 2432 389 2499; x_wconf 77' lang='lat' dir='ltr'>Cynaegiri</span> <span class='ocrx_word' id='word_1_208' title='bbox 398 2433 552 2499; x_wconf 83' lang='lat' dir='ltr'>exemplum</span> <span class='ocrx_word' id='word_1_209' title='bbox 562 2433 700 2496; x_wconf 88' lang='lat' dir='ltr'>imitatus,</span> <span class='ocrx_word' id='word_1_210' title='bbox 720 2429 862 2482; x_wconf 87' lang='lat' dir='ltr'>transiluit</span> <span class='ocrx_word' id='word_1_211' title='bbox 871 2429 901 2478; x_wconf 92' lang='lat' dir='ltr'>in</span> 
     </span>
     <span class='ocr_line' id='line_1_31' title="bbox 95 2507 552 2573; baseline 0 -15"><span class='ocrx_word' id='word_1_212' title='bbox 95 2513 207 2570; x_wconf 81' lang='lat' dir='ltr'>navem,</span> <span class='ocrx_word' id='word_1_213' title='bbox 218 2507 339 2558; x_wconf 88' lang='lat' dir='ltr'>umbone</span> <span class='ocrx_word' id='word_1_214' title='bbox 349 2509 447 2559; x_wconf 79' lang='lat' dir='ltr'>obvios</span> <span class='ocrx_word' id='word_1_215' title='bbox 459 2523 552 2573; x_wconf 83' lang='lat' dir='ltr'>agens.</span> 
     </span>
    </p>

    <p class='ocr_par' dir='ltr' id='par_1_4' title="bbox 95 2576 902 2802">
     <span class='ocr_line' id='line_1_32' title="bbox 153 2576 900 2647; baseline -0.008 -15"><span class='ocrx_word' id='word_1_216' title='bbox 153 2581 258 2632; x_wconf 86' lang='lat' dir='ltr'>LXIX.</span> <span class='ocrx_word' id='word_1_217' title='bbox 270 2581 440 2634; x_wconf 83' lang='lat' dir='ltr'>Seditionem</span> <span class='ocrx_word' id='word_1_218' title='bbox 450 2597 500 2647; x_wconf 84' lang='lat' dir='ltr'>per</span> <span class='ocrx_word' id='word_1_219' title='bbox 510 2581 603 2634; x_wconf 84' lang='lat' dir='ltr'>decem</span> <span class='ocrx_word' id='word_1_220' title='bbox 616 2594 703 2630; x_wconf 88' lang='lat' dir='ltr'>annos</span> <span class='ocrx_word' id='word_1_221' title='bbox 715 2577 833 2629; x_wconf 82' lang='lat' dir='ltr'>Gallicis</span> <span class='ocrx_word' id='word_1_222' title='bbox 843 2576 900 2626; x_wconf 90' lang='lat' dir='ltr'>bel-</span> 
     </span>
     <span class='ocr_line' id='line_1_33' title="bbox 95 2651 902 2718; baseline -0.014 -10"><span class='ocrx_word' id='word_1_223' title='bbox 95 2655 131 2708; x_wconf 79' lang='lat' dir='ltr'>lis</span> <span class='ocrx_word' id='word_1_224' title='bbox 140 2656 373 2710; x_wconf 71' lang='lat' dir='ltr'>nullamomnino</span> <span class='ocrx_word' id='word_1_225' title='bbox 385 2661 537 2718; x_wconf 89' lang='lat' dir='ltr'>moverunt,</span> <span class='ocrx_word' id='word_1_226' title='bbox 549 2655 676 2706; x_wconf 82' lang='lat' dir='ltr'>civilibus</span> <span class='ocrx_word' id='word_1_227' title='bbox 688 2651 859 2716; x_wconf 83' lang='lat' dir='ltr'>aliquas,sed</span> <span class='ocrx_word' id='word_1_228' title='bbox 871 2655 902 2703; x_wconf 87' lang='lat' dir='ltr'>ut</span> 
     </span>
     <span class='ocr_line' id='line_1_34' title="bbox 95 2723 901 2802; baseline -0.016 -18"><span class='ocrx_word' id='word_1_229' title='bbox 95 2732 225 2784; x_wconf 78' lang='lat' dir='ltr'>celeriter</span> <span class='ocrx_word' id='word_1_230' title='bbox 240 2732 276 2782; x_wconf 87' lang='lat' dir='ltr'>ad</span> <span class='ocrx_word' id='word_1_231' title='bbox 290 2733 413 2784; x_wconf 86' lang='lat' dir='ltr'>officium</span> <span class='ocrx_word' id='word_1_232' title='bbox 428 2729 573 2791; x_wconf 85' lang='lat' dir='ltr'>redierint,</span> <span class='ocrx_word' id='word_1_233' title='bbox 594 2742 646 2777; x_wconf 89' lang='lat' dir='ltr'>nee</span> <span class='ocrx_word' id='word_1_234' title='bbox 659 2730 718 2802; x_wconf 81' lang='lat' dir='ltr'>tam</span> <span class='ocrx_word' id='word_1_235' title='bbox 727 2723 901 2790; x_wconf 82' lang='lat' dir='ltr'>indulgentia</span> 
     </span>
    </p>

    <p class='ocr_par' dir='ltr' id='par_1_5' title="bbox 650 2817 693 2858">
     <span class='ocr_line' id='line_1_35' title="bbox 650 2817 693 2858; baseline 0 0"><span class='ocrx_word' id='word_1_236' title='bbox 650 2817 667 2858; x_wconf 84' lang='lat' dir='ltr'>C</span> <span class='ocrx_word' id='word_1_237' title='bbox 679 2818 693 2858; x_wconf 83' lang='lat'>2</span> 
     </span>
    </p>
   </div>
   <div class='ocr_carea' id='block_1_4' title="bbox 0 0 1018 3020">
    <p class='ocr_par' dir='ltr' id='par_1_6' title="bbox 0 0 1018 3020">
     <span class='ocr_line' id='line_1_36' title="bbox 0 0 1018 3020; baseline 0 1"><span class='ocrx_word' id='word_1_238' title='bbox 0 0 1018 3020; x_wconf 95' lang='lat' dir='ltr'> </span> 
     </span>
    </p>
   </div>
  </div>
 </body>
</html>
