2026 3020
142 254 180 322 5'2'
418 273 443 319 c.
466 267 653 320 sennenn

143 397 243 450 fectum
264 413 329 450 mox
349 397 511 449 ammculum
528 398 557 447 in
572 395 723 462 Hispanias
740 389 872 445 adversus
889 394 938 446 Cn.

144 472 395 539 Pompeiiliberos,
415 473 527 523 vixdum
543 473 635 521 firmus
651 485 667 520 a
681 469 760 536 gravi
769 469 937 532 valetudine,

144 563 193 616 per
212 547 326 598 infestas
347 545 471 598 hostibus
491 547 563 609 vias,
584 545 758 612 paucissimis
779 544 937 608 comitibus,

144 620 288 688 naufragio
301 622 384 672 etiam
393 622 480 685 sacto,
496 623 656 672 subsecutus
664 634 837 686 ‘magnopere
848 619 938 670 deme-

144 697 212 759 ruit,
234 697 388 762 approbata
407 697 461 746 cito
482 697 565 747 etiam
577 711 684 746 morum
694 694 788 745 indole
799 710 884 760 super
893 696 937 746 iti-

144 771 217 821 neris
226 771 399 821 industriam.
440 770 557 822 Caesare
571 776 636 838 post
649 774 772 836 receptas
783 769 937 836 Hispanias

145 842 345 910 expeditionem
356 847 385 895 in
396 845 489 897 Dacos
500 852 527 897 et
535 845 599 896 inde
609 843 762 895 inParthos
772 844 936 908 destinante,

144 920 310 986 praemissus
320 921 503 988 Apolloniam,
516 921 614 971 studiis
624 919 740 970 vacavit.
780 918 870 986 thue
882 921 937 986 pri-

144 1009 218 1044 mum
230 995 349 1046 occisum
360 1011 419 1047 eum
431 995 610 1062 heredemque
621 1011 649 1045 se
661 995 801 1061 comperit,
812 994 861 1045 diu
873 1010 938 1044 cun-

145 1075 246 1133 ctatus,
269 1086 303 1121 an
312 1073 453 1137 proximas
464 1072 585 1138 legiones
596 1069 768 1137 imploraret,
784 1069 814 1118 id
825 1068 937 1135 quidem

145 1145 290 1196 consilium
304 1152 336 1196 ut
349 1162 479 1213 praeceps
492 1147 722 1211 immaturumque
738 1143 843 1194 omisit:
865 1149 938 1194 cete-

143 1234 203 1269 rum
213 1219 285 1269 Urbe
301 1220 417 1286 repetita
431 1218 610 1271 hereditatem
620 1219 701 1281 adiit,
722 1218 863 1269 dubitante
879 1233 939 1268 ma-

143 1300 197 1355 tre,
217 1293 316 1344 vitrico
332 1309 396 1345 vero
408 1295 515 1345 Marcio
526 1290 654 1361 Philippo
671 1293 810 1344 consulari
819 1293 939 1343 nurltnm

144 1367 327 1417 dissuadente.
366 1369 453 1436 Atque
464 1371 498 1433 ab
510 1384 542 1419 eo
553 1375 675 1435 tempore
686 1367 850 1418 exercitibus
862 1383 938 1418 com-

142 1441 247 1507 paratis
261 1443 379 1509 primum
396 1459 455 1494 cum
465 1443 504 1494 M.
516 1444 634 1495 Antonio
649 1442 800 1510 Marcoque
813 1441 935 1509 Lepide,

143 1515 240 1566 deinde
250 1522 356 1566 tantum
368 1534 426 1569 cum
433 1519 551 1569 Antonio
562 1533 611 1585 per
622 1518 765 1569 duodecim
772 1515 935 1580 fercannus,

141 1585 290 1642 novissime
304 1607 353 1660 per
368 1599 487 1660 quatuor
501 1598 529 1643 et
543 1592 725 1661 quadraginta
735 1591 811 1643 solus
826 1607 936 1658 rempu-

141 1664 241 1715 blicam
252 1667 348 1716 tenuit.

197 1738 245 1789 IX.
265 1739 414 1807 Proposita
433 1743 506 1793 vitae
527 1743 586 1793 eius
605 1743 679 1793 velut
698 1757 818 1804 summa,
840 1748 936 1808 partes

141 1812 315 1879 singillatim,
331 1831 418 1884 neque
429 1833 477 1886 per
487 1823 624 1885 tempora,
640 1817 688 1867 sed
698 1833 746 1884 per
756 1817 875 1884 species,
888 1831 935 1866 er-

141 1903 252 1967 sequar,
284 1905 337 1958 quo
364 1891 520 1943 distinctius
545 1891 727 1943 demonstrari
747 1891 936 1958 cognoscique

140 1963 256 2030 possint.
294 1965 374 2016 Bella
394 1967 486 2018 civilia
506 1967 625 2034 quinque
644 1967 742 2032 gessit,
767 1964 935 2028 Mutinense,

140 2036 328 2107 Philippense,
349 2041 523 2104 Perusinum,
545 2040 680 2104 Siculum,
701 2040 852 2090 Actiacum.
892 2040 935 2090 Ex

81 2175 84 2180 Ι
144 2112 242 2177 quibus
262 2115 378 2180 primum
399 2131 432 2166 ac
451 2116 629 2166 novissimum
649 2115 779 2165 adversus
794 2115 833 2164 M.
850 2115 936 2165 Anto-

142 2185 230 2246 nium3
251 2189 396 2252 secundnm
410 2191 551 2240 adversum
563 2189 675 2239 Brutum
687 2195 715 2239 et
725 2189 865 2250 Cassium3
881 2195 935 2240 ter-

140 2258 210 2307 tium
221 2259 362 2312 adversum
368 2263 401 2312 L.
408 2265 427 2311 A
432 2265 563 2326 ntoninm,
570 2264 706 2314 triumviri
714 2262 825 2314 fratrem
835 2280 841 2326 ;
853 2279 936 2332 quar-

141 2343 198 2382 tum
210 2334 340 2385 adversus
352 2337 414 2387 Sex.
425 2338 594 2404 Pompeium,
607 2339 654 2387 Cn.
667 2337 763 2388 filium.

195 2409 231 2459 X.
253 2409 379 2460 Ormrium
392 2413 533 2480 ¹bellorum
553 2413 660 2460 initium
687 2417 713 2461 et
738 2427 849 2462 causam
870 2411 935 2462 hinc

140 2484 269 2550 sumpsit,
290 2483 360 2534 nihil
380 2487 583 2537 convenientius
604 2487 716 2550 ducens,
738 2503 819 2555 quam
839 2503 934 2539 necem

141 2559 269 2609 avunculi
288 2560 439 2625 vindicare,
460 2562 584 2628 tuerique
606 2567 676 2611 acta.
717 2561 883 2626 Confestim,
904 2568 936 2612 ut

139 2632 287 2698 Apollonia
298 2635 392 2701 rediit,
408 2637 522 2687 Brutum
535 2636 725 2704 Cassiumque,
747 2641 774 2687 et
783 2638 812 2686 vi
823 2638 935 2706 necopi-

138 2713 248 2771 nantes,
270 2715 297 2759 et
307 2711 371 2777 quia
386 2713 526 2779 provisum
541 2711 690 2779 periculum
702 2711 934 2778 subterfugerant,

139 2777 246 2848 legibus
261 2785 374 2851 aggredi
388 2803 504 2860 reosque
521 2785 613 2838 caedis
624 2786 749 2840 absentes
761 2785 869 2844 deferre
880 2794 935 2843 sta-
