2050 3034
235 239 436 287 CALIGULA.
473 241 551 288 GAP.
570 243 686 290 54-57.
810 247 859 298 tel

61 377 127 430 que,
144 361 199 413 etei
209 361 296 429 falec,
311 365 340 415 in
351 365 469 432 quadam
481 367 672 418 conisuatione
684 369 764 435 quasi
775 373 859 437 parti-

61 439 137 506 cipes
146 439 296 503 nondnati,
313 447 456 507 suspectos
466 447 557 492 tamon
569 457 598 491 sc
609 447 636 492 ct
644 443 750 494 inuisos
761 446 858 496 sentia·

59 514 137 565 bant.
149 512 223 572 Nasu,
232 521 259 565 ct
268 516 361 566 statim
372 516 492 567 seductis
503 531 631 582 magnam
641 517 708 568 iecit
716 519 857 584 invidiam,

59 588 190 640 districto
201 589 295 655 gladio
306 591 458 655 adimens,
478 601 568 658 sponte
579 592 773 658 asperitatum,
795 593 820 643 ei
833 603 861 644 et

57 663 110 714 iuis
119 672 207 715 morte
217 663 312 732 dignus
321 664 469 718 uideretur.-
488 682 539 717 nec
550 668 667 718 cessavit
676 682 710 718 ex
721 685 754 720 eo
767 669 857 719 trimi

57 739 121 789 nari
132 738 250 789 alterum
261 741 349 804 elteri,
357 745 439 807 atque
448 741 520 792 inter
531 757 560 792 se
571 757 665 794 omnes
676 744 855 795 committere.

59 813 152 874 Quum
166 813 327 880 placuisset,
349 814 485 866 Palatinis
499 815 572 866 ludis
585 819 744 883 spectaculo
766 833 855 885 egres-

58 903 120 938 sum
140 888 256 939 meridie
276 889 401 956 aggredi,
426 891 529 956 primas
554 892 608 942 sibi
630 899 723 958 partes
743 894 855 944 Cassius

59 960 197 1027 Chaerea,
218 963 344 1014 tribunus
355 964 477 1016 cohortis
487 967 657 1031 praetoriae,
679 967 854 1032 depoposcit;

59 1047 140 1104 quem
152 1038 237 1088 Gaius
248 1040 382 1090 seniorem
392 1041 459 1104 iarn,
467 1047 499 1090 ut
508 1040 619 1090 mollem
631 1047 658 1090 et
669 1039 855 1092 effeminatum

59 1112 193 1164 denotare
206 1115 281 1164 omni
290 1115 392 1179 probro
404 1120 596 1177 consueverat,
608 1120 635 1166 ct
644 1114 736 1178 modo,
749 1116 856 1181 signum

57 1187 173 1252 petenti,
186 1186 314 1254 Priapum
325 1195 372 1239 ant
387 1187 512 1240 Venerem
522 1189 596 1252 dare,
608 1189 704 1252 modo,
717 1205 750 1240 ex
762 1189 856 1256 aliqua

58 1277 146 1313 causa
157 1263 250 1329 agenti
259 1265 372 1329 gratias,
379 1264 557 1315 osculandam
568 1280 678 1316 manum
685 1263 855 1328 offerraior·

58 1341 164 1388 enatam
175 1345 392 1404 commotamque
402 1340 431 1390 in
443 1340 589 1390 obscenum
599 1339 719 1391 modum.

116 1409 202 1461 LVll.
213 1411 334 1464 Futurae
345 1413 436 1463 caedis
447 1413 533 1464 multa
543 1414 672 1481 prodigia
682 1416 853 1466 exstiterunt.
904 1409 906 1414 ’

57 1486 208 1552 Olympiae
218 1487 394 1538 simulacrum
404 1488 477 1539 lovis
483 1526 491 1552 ,
512 1489 586 1554 quod
598 1489 713 1540 dissolvi
722 1490 854 1542 transier-

57 1563 140 1628 rique
150 1560 264 1612 Romam
274 1562 427 1628 placuerat,
448 1569 554 1614 tantum
568 1562 728 1615 cachinnum
743 1571 854 1629 repente

56 1635 161 1698 edidit,
185 1641 216 1686 ut
234 1635 368 1687 machinis
387 1637 531 1689 labefactis
552 1639 664 1704 opifices
685 1637 852 1704 diffugerint.

58 1710 277 1777 Supervenitquc
286 1710 362 1762 illico
375 1713 486 1778 quidam
493 1713 604 1764 Cassius
615 1729 723 1781 qnoque
733 1713 852 1776 nominc,

9 1795 10 1798 ’
56 1787 164 1836 iussum
180 1801 209 1836 sc
224 1787 331 1837 somnio
347 1788 485 1837 affirmans
500 1787 644 1838 immolare
659 1795 769 1838 taunun
782 1787 851 1839 lovi.
918 1785 920 1791 ’

57 1861 228 1926 Capitolium
244 1861 354 1927 Capuae
368 1860 463 1912 idibus
476 1861 586 1912 Martiis
603 1862 636 1912 de
650 1861 728 1912 coelo
748 1867 854 1912 tactum

56 1941 111 1987 est:
134 1936 202 1986 item
215 1935 319 1986 Romae
334 1934 404 1986 cella
419 1934 541 1985 Palatini
555 1935 690 1985 atriensis.
730 1935 788 1985 Nec
807 1935 852 1984 de·

57 2009 170 2060 luerunt
180 2010 227 2074 qui
238 2011 435 2073 coniectarent,
451 2009 538 2060 altero
555 2014 662 2060 ostento
673 2009 827 2077 periculiun
836 2023 853 2058 a

56 2085 221 2136 custodibus
237 2085 348 2136 domino
366 2085 507 2150 portendi,
529 2084 616 2135 altero
633 2082 744 2134 caedem
757 2097 854 2134 rursusi¹

57 2161 206 2226 insignem,
228 2159 319 2227 qualis
333 2160 428 2210 eodem
444 2161 487 2210 die
502 2159 578 2210 iacta
592 2157 730 2226 qnondam
742 2156 850 2210 linisset.

56 2234 220 2284 consulenti
234 2249 343 2302 quoqne
359 2233 392 2284 de
406 2236 531 2299 genitura
546 2250 596 2284 sua
611 2233 689 2286 Sulla
703 2231 850 2286 mathema·

55 2309 126 2358 tiens
151 2307 325 2360 certa'eeimam
349 2324 437 2359 aecem
461 2309 670 2376 appropinquare
695 2309 850 2359 affirmavit.

58 2382 225 2435 Monuerunt
235 2388 263 2433 et
272 2383 411 2433 Fortunae
421 2383 592 2448 Antiatinae,
607 2392 664 2435 uta
676 2381 766 2434 Caesio
777 2397 851 2432 caee-

56 2467 102 2509 ret.
145 2457 209 2518 Qua
220 2457 361 2508 caiisaille
373 2457 498 2508 Caesium
507 2458 675 2524 Longinum,
696 2457 778 2506 Asiae
792 2460 851 2505 tum

57 2533 266 2598 proconsulem,
291 2531 471 2583 occidendum
492 2532 677 2599 delegaverat,
698 2531 850 2590 immemor,

56 2605 208 2660 Chaeream
219 2606 344 2657 Caesium
353 2607 500 2658 nominari.
534 2606 636 2668 Pridie,
648 2619 729 2670 qnam
739 2603 850 2670 periret,

55 2682 218 2745 somniavit,
240 2683 388 2733 comittere
400 2697 429 2732 se
438 2681 468 2731 in
479 2680 556 2731 coelo
568 2681 646 2728 iuxta
657 2677 756 2726 solium
766 2675 850 2736 lovis,

54 2756 258 2836 impulsumque
270 2757 304 2810 ab
315 2773 347 2810 eo
360 2756 450 2810 dextri
459 2754 537 2824 pedis
547 2753 662 2824 pollice,
682 2755 710 2802 et
723 2752 752 2802 in
762 2755 858 2810 terras
