2050 3034
139 229 190 280 116
417 231 443 274 G.
469 228 655 274 SUETONll

142 355 257 418 Tamen,
270 352 388 410 Caesare
400 351 507 415 occiso,
520 351 624 402 cunctis
633 351 778 401 turbarum
788 355 866 401 metu
876 351 942 403 abc.

142 428 268 480 litionem
279 427 349 478 facti
359 425 581 490 decernentibus,
603 426 686 476 etiam
702 424 735 476 de
750 425 885 491 praemiis
898 432 941 493 ty·

140 499 655 558 ranuicidarumreferendumcensuit.
694 498 831 550 Praetura
843 499 941 552 deinde

140 577 263 641 inmotus,
285 591 368 643 quum
383 575 459 628 exitu
470 576 536 627 anni
546 574 687 626 discordia
697 574 769 624 inter
779 574 942 626 triumviros

141 657 238 704 exorta
249 655 329 714 esset,
336 650 448 702 retentis
458 649 533 701 rrltra
543 650 645 700 iustum
655 655 763 716 tempus
773 649 940 715 insignibus,

139 726 173 779 L.
185 725 333 777 Antonium
345 724 498 789 consulem,
513 724 651 776 triumviri
665 722 792 787 fratrem,
810 723 847 774 ad
857 723 942 775 Peru·

139 802 210 851 siam
221 805 339 863 secutus,
346 797 487 850 deditione
498 815 516 849 a
527 799 625 851 ceteris
635 796 802 862 iecta‚solus
813 813 942 865 perman·

73 933 78 938 .
139 875 220 924 sitin
234 873 373 941 partibus,
395 887 428 923 ac
438 873 527 941 primo
539 873 699 936 Praeneste,
720 871 785 923 inde
799 871 943 940 Neapolin

140 949 240 1011 evasit3
261 949 402 1016 servisque
413 947 450 999 ad
459 948 562 1015 pileum
573 947 678 998 frustra
687 948 807 1011 vocatis,
829 948 860 998 in
872 947 943 1000 Sici·

138 1023 206 1075 liam
216 1023 349 1090 profugit.
389 1022 444 1076 Sed
454 1023 566 1090 indigne
577 1022 679 1086 ferens,
700 1037 752 1074 nec
765 1022 862 1073 statiin
873 1039 904 1074 se
912 1023 942 1073 in

139 1105 316 1166 conspectum
327 1097 405 1150 Sexti
411 1097 541 1166 Pompeii
552 1097 710 1161 admissum,
722 1103 750 1148 et
758 1095 879 1148 fascium·
889 1112 944 1148 usu

138 1173 322 1241 prohibitum,
344 1173 380 1222 ad
394 1171 433 1222 M.
449 1173 598 1223 Antonium
617 1172 729 1224 traiecit
746 1172 777 1222 in
795 1170 942 1223 Achaiam.

140 1243 207 1300 Cum
219 1262 287 1317 quo,
309 1246 387 1298 brevi
400 1247 582 1298 reconciliata
595 1247 667 1298 inter
682 1261 776 1298 omnes
786 1261 870 1313 pace,
887 1247 942 1298 Ro·

138 1322 321 1386 manfrediit,
341 1322 511 1388 uxoremque
521 1321 632 1373 Liviam
643 1321 809 1383 Drusillam,
832 1327 860 1372 et
875 1329 944 1373 tunc

138 1395 290 1463 gravidam,
303 1401 330 1446 et
340 1401 403 1446 ante
412 1398 470 1447 iam
482 1397 555 1464 apud
566 1409 595 1447 se
606 1395 692 1446 filium
704 1397 822 1458 enixam,
834 1397 943 1462 petenti
1005 1419 1006 1494 q

137 1470 260 1537 Augusto
273 1470 417 1522 concessit.
446 1470 504 1522 Nec
513 1471 601 1521 multo
613 1476 677 1536 post
687 1471 759 1522 diem
771 1470 850 1534 obiit,
861 1477 941 1522 utro·
1005 1495 1006 1550 q

138 1560 191 1614 que
205 1545 356 1597 liberorum
376 1546 535 1613 superstite,
557 1546 671 1597 Tiberio
687 1544 836 1611 Drusoque
851 1545 941 1598 Nero·

136 1620 226 1672 nibus.
558 1639 561 1648 ·

142 1724 144 1726 -
193 1693 227 1744 V.
249 1693 390 1743 'liberium
407 1695 519 1761 quidam
533 1693 639 1745 Fundis
653 1699 748 1746 natum
764 1695 941 1748 existimare·
1005 1653 1006 1704 l

137 1773 213 1830 runt,
234 1768 322 1818 secuti
331 1767 418 1820 levem
434 1770 634 1834 coniecturam,
656 1769 731 1838 quod
742 1777 869 1822 materna
880 1771 941 1822 elus

138 1843 201 1892 avia
210 1841 346 1892 Fundana
356 1841 452 1909 fuerit,
472 1847 502 1896 'ct
515 1844 590 1912 quod
600 1859 666 1896 mox
676 1844 855 1897 simulacrum
864 1844 940 1898 Feli-

138 1917 230 1968 citatis
245 1931 280 1968 ex
291 1916 407 1970 Senatus
423 1920 549 1984 consulto
560 1919 731 1986 publicatum
745 1919 788 1972 ibi
797 1919 843 1970 sit.
885 1919 941 1972 Sed
1005 1959 1006 1964 η

136 1998 167 2042 ut
182 1992 274 2060 plures
291 1994 615 2062 certioresquetradunt,
636 1999 717 2044 natus
732 1999 775 2045 est
787 1993 897 2046 Romae
911 1996 941 2046 in
1005 2007 1006 2030 ³

138 2066 262 2132 Palatio,
284 2069 471 2121 sextodecimo
486 2067 627 2120 Kalendas
642 2067 815 2133 Decembris,
832 2068 874 2120 M.
890 2070 941 2122 Ae·

137 2141 215 2192 milio
227 2141 335 2208 Lepido
346 2145 454 2208 iterum,
464 2143 499 2194 L.
510 2142 637 2194 Mrmatio
648 2142 752 2198 Planco
765 2143 939 2209 consulibus,

137 2219 201 2279 post
210 2214 313 2267 bellum
323 2216 508 2284 Philippense.
540 2215 587 2268 Sic
597 2219 667 2269 enim
678 2219 708 2270 in
717 2217 807 2270 fastos
819 2225 940 2287 actaque

137 2287 249 2356 publica
259 2289 376 2342 relatsrm
387 2297 437 2343 est.
476 2291 535 2344 Nec
543 2297 636 2345 tamen
647 2293 757 2357 desunt,
774 2292 824 2362 qni
834 2296 940 2361 partim

137 2363 313 2416 antecedente
334 2381 420 2430 anno,
441 2365 529 2418 Hirtii
549 2382 582 2422 ac
599 2366 720 2432 Pansae,
741 2369 844 2434 partim
864 2370 939 2420 inse-

137 2445 248 2505 quente,
263 2438 360 2493 -Serm'i
369 2441 487 2493 isaurici
495 2443 663 2510 Antoniique
678 2443 838 2508 consulatu,
859 2445 939 2510 geni·

135 2519 193 2565 tum
204 2530 265 2566 eum
276 2517 407 2570 scribant.

191 2589 238 2640 Vl.
258 2589 406 2644 Infantiam
425 2591 625 2659 pueritiamque
645 2589 743 2643 habuit
761 2593 940 2646 laboriosam

136 2667 163 2712 et
173 2665 361 2733 exercitatam,
374 2683 465 2719 comes
474 2681 672 2736 usquequaque
682 2672 826 2733 parentum
838 2667 938 2736 fugae:

137 2749 205 2799 quos
216 2739 325 2805 quidem
336 2743 410 2810 apud
420 2742 570 2811 Neapolis,
582 2741 640 2792 -sub
650 2741 834 2810 irruptionem
845 2741 940 2795 hostis
