2026 3020
120 228 153 278 ta
396 231 422 277 c.
448 201 633 276 snnronn

138 352 249 417 Brbtar,
263 353 325 420 qnia
335 354 410 423 rege's
420 353 503 415 eiecit,
516 351 812 423 cdnsnlprirnasfdctnr
823 362 876 404 ert:

138 429 201 491 Hic,
214 428 276 495 qnia
287 430 401 482 consnlc's
411 429 494 490 eiecit,
507 429 553 478 re'x
560 427 807 498 portrernarfdctns
819 438 865 480 est.

120 503 312 570 Conspiratum
324 511 364 555 est
374 506 403 554 in
413 520 474 554 eum
486 519 502 553 a
512 504 656 570 sexaginta
667 503 793 570 amplius,
806 503 836 553 C.
848 505 913 554 Cas-

118 580 160 630 sio
175 579 327 646 Marcoque
342 585 369 629 et
384 578 498 630 Decimo
513 579 600 629 Bruto
616 579 786 645 principibus
803 581 912 646 conspi-

117 655 244 704 rationis.
285 654 339 715 Qui
349 655 466 720 prinnrm
478 654 612 716 cunctati,
632 659 758 704 utnunne
769 654 860 717 illmn,
882 655 912 704 in

117 728 221 794 Campo
241 743 290 794 per
310 730 425 780 comitia
443 729 532 779 tribus
553 728 588 778 od
604 727 737 795 suffragia
755 735 910 794 vocantem,

116 804 240 868 partibus
256 802 352 854 divisis
367 821 382 855 e
396 810 479 870 ponte
495 804 645 854 delicerent
664 809 745 869 atque
767 808 910 870 exceptum

115 877 297 942 trucidarent,
320 894 354 928 an
365 879 396 936 in·
404 894 484 930 sacra
494 879 540 929 via
550 879 594 930 vel
603 880 632 928 in
644 878 721 928 aditu
731 875 832 930 theatri
843 879 909 928 ado-

115 953 246 1015 rirentur,
267 960 412 1021 postquam
428 959 539 1006 senatus
554 953 648 1004 idibus
658 952 769 1002 Martiis
784 954 813 1002 in
829 952 909 1004 Pom-

114 1027 171 1092 peii
182 1029 285 1080 cranam
296 1029 401 1080 edictus
412 1018 466 1093 est,
481 1029 563 1080 facile
572 1034 679 1094 tempus
691 1034 719 1078 et
729 1027 820 1078 locum
830 1043 909 1094 prae·

113 1101 243 1154 tulerunt.

170 1177 295 1228 LXXXI.
317 1178 370 1230 Sed
386 1180 499 1230 Caesari
513 1178 607 1229 futura
623 1177 719 1230 caedes
735 1175 907 1228 evidentibus

113 1251 249 1318 prodigiis
260 1253 426 1303 derumciata
437 1260 485 1304 est.
505 1253 613 1303 Paucos
625 1258 687 1303 ante
697 1268 811 1315 menses,
824 1268 906 1318 quum

112 1327 141 1375 in
153 1326 266 1377 colonia
272 1327 367 1393 Capua
378 1327 488 1378 deducti
499 1328 557 1393 lege
568 1327 640 1378 Iulia
651 1327 744 1378 coloni
755 1327 791 1376 ad
802 1333 906 1376 exstru-

113 1399 197 1450 endas
207 1401 288 1451 villas
303 1403 429 1467 sepulcra
443 1403 629 1454 vetustissima
640 1402 809 1465 disiicerent,
823 1401 907 1469 idque

113 1491 146 1526 eo
158 1475 310 1526 studiosius
320 1474 452 1540 facerent,
465 1477 539 1543 quod
550 1478 719 1544 aliquantum
731 1476 906 1528 vasculorum

114 1551 206 1616 operis
217 1551 324 1618 antiqui
334 1556 487 1602 scrutantes
502 1553 688 1619 reperiebant3
710 1552 805 1603 tabula
820 1567 906 1602 aenea

65 1651 71 1658 -
112 1626 142 1676 in
153 1632 337 1688 monumento,
348 1628 377 1676 in
388 1643 442 1693 quo
455 1627 597 1677 dicebatur
609 1628 708 1694 Capys,
722 1626 906 1677 conditorCa-

113 1717 193 1767 puae,
205 1701 336 1767 sepultus,
348 1703 457 1752 inventa
468 1708 520 1764 est,
537 1703 694 1768 conscripta
705 1701 793 1752 literis
803 1702 906 1752 verbis-

113 1791 165 1841 que
177 1774 304 1840 Graecis,
324 1771 376 1826 hac
391 1778 537 1828 sententia:
561 1776 722 1842 Quandoque
737 1791 794 1826 ossa
811 1775 907 1844 Capyis

113 1850 215 1902 detecta
226 1860 322 1912 essent,
337 1850 414 1922 sore,
436 1862 469 1904 nt
479 1851 536 1902 Inlo
546 1861 697 1920 prognatus
707 1867 786 1902 ranna
797 1867 906 1902 conson-

110 1925 269 1992 gnineornrn
279 1935 429 1990 necaretur,
450 1926 604 1996 rrengnisque
615 1944 674 1978 rnox
685 1925 780 1978 Italiae
791 1925 907 1977 cladibus

112 1999 300 2054 vindicaretur.
337 2003 420 2053 Cuius
432 2003 480 2066 rei,
491 2019 525 2052 ne
537 2003 597 2068 quis
608 2001 763 2052 fabulosam
775 2008 823 2052 orit
834 2018 906 2052 conr-

112 2078 268 2127 menticiam
279 2083 368 2144 putet,
385 2082 532 2128 auctorest
543 2076 687 2126 Cornelius
698 2076 816 2140 Balbus,
828 2076 907 2127 lanii-

112 2150 277 2201 liarissimus
303 2153 438 2202 Caesaris.
487 2151 625 2200 Proximis
653 2151 749 2201 diebus
773 2167 907 2217 equorum

113 2239 222 2292 greges,
244 2241 313 2292 quos
323 2227 352 2276 in
361 2225 525 2276 traiiciendo
537 2224 679 2277 Rubicone
689 2225 799 2298 flumine
812 2241 907 2278 conse-

114 2305 217 2365 crarat,
239 2316 272 2350 ac
286 2315 372 2367 vagos
387 2301 445 2351 sine
460 2300 573 2352 custode
588 2300 742 2363 dimiserat,
765 2302 907 2366 comperit,

113 2375 332 2442 pertinacissime
352 2376 455 2442 pabulo
476 2376 613 2426 abstinere
636 2376 808 2442 ubertimque
832 2375 907 2426 llere.

114 2449 150 2501 Et
159 2450 346 2502 immolantem
357 2450 494 2518 hanrspcx
506 2451 643 2516 Spurinna
653 2451 771 2514 monuit,
793 2457 826 2501 at
834 2467 908 2502 care-

113 2535 155 2576 ret
164 2526 322 2594 praeatum,
344 2526 414 2592 qnod
426 2542 478 2578 non
491 2526 561 2576 altra
573 2523 688 2575 Martias
699 2523 762 2574 ldrrs
772 2523 909 2596 proferre-

115 2609 167 2653 tur.
206 2601 301 2654 Pridie
322 2609 412 2653 autem
433 2600 541 2654 easdem
556 2600 621 2650 ldns
642 2615 718 2650 avem
733 2600 909 2666 regaliolum,

115 2691 176 2728 eum
186 2678 282 2728 laureo
292 2676 590 2744 ramuloPompeianae
601 2675 693 2726 curiae
704 2674 909 2739 seinfercntem,

113 2752 239 2806 volueres
250 2753 321 2804 varii
331 2753 437 2818 generis
449 2767 483 2804 er
493 2752 618 2818 proximo
628 2766 739 2802 nemore
748 2757 910 2818 persecutae
