2026 3020
233 200 491 256 octavianus.
527 206 605 256 CAP.
625 203 739 254 'us-38.
852 206 884 259 71

82 351 136 404 que
146 335 278 388 instituit
292 335 409 388 coneilio
423 335 520 387 sortiri
533 334 688 398 semestria,
710 351 770 386 eum
786 338 886 403 quibus

82 412 115 462 de
130 410 258 478 negotiis
274 410 309 461 ad
323 410 492 478 frequentem
507 416 632 462 senatum
651 403 807 461 referendis
823 419 885 464 aute

81 490 229 538 tractaret.
269 484 425 538 sententias
440 486 474 537 de
488 486 595 538 maiore
608 484 721 552 negotio
736 501 792 536 non
809 503 885 538 more

80 577 173 629 neque
194 559 305 626 ordine,
327 558 376 612 sed
393 567 479 628 prout
492 561 629 625 libuisset,
650 562 830 628 perrogabat:
854 569 886 612 ut

82 636 199 704 perinde
210 637 327 704 quisquc
338 636 459 688 animum
468 637 629 700 intenderet,
642 638 710 688 acsi
721 637 884 690 censendum

82 712 173 779 magis
184 727 270 779 quam
281 711 482 763 assentiendum
494 717 574 762 esset.

138 785 270 837 XXXVI.
290 787 394 838 Auctor
408 793 436 838 et
450 786 566 837 aliarum
580 802 671 838 rerum
686 787 752 844 fuit:
772 788 801 838 in
813 793 882 856 quis,

82 878 116 914 ne
127 867 193 912 acta
203 867 317 912 senatus
328 861 546 928 publicarentur;
566 879 599 913 ne
609 864 789 930 magistratus
800 864 883 931 depo-

84 939 137 988 nito
149 935 259 988 honore
270 938 363 988 statim
373 938 402 988 in
412 938 570 1004 provincias
580 938 765 1000 mitterentur3
780 945 811 989 ut
820 955 883 1005 pro·

84 1012 247 1063 consulibus
263 1012 299 1061 ad
318 1012 408 1063 mulos
429 1017 456 1063 et
475 1013 664 1076 taecrnaeula,
685 1027 756 1078 quae
774 1014 884 1080 publice

83 1087 175 1138 locari
194 1086 336 1150 solebant,
361 1092 437 1139 certa
461 1087 579 1153 pecunia
600 1087 824 1148 constitueretur5
853 1093 885 1137 nt

84 1177 152 1212 eura
168 1162 272 1212 aerarii
286 1177 304 1211 a
324 1163 517 1229 quaestoribus
537 1161 650 1212 urbanis
671 1161 708 1212 ad
727 1162 884 1229 praetorios

82 1243 262 1303 praetoresve
286 1238 430 1298 transirem
464 1245 496 1287 ut
520 1237 742 1288 centumuiralem
766 1235 883 1300 hastam,

83 1327 166 1379 qnam
178 1317 329 1380 quaestura
338 1311 427 1363 innoti
438 1318 636 1365 consueverant
646 1327 757 1379 cogere,
779 1313 884 1364 decem-

81 1389 135 1439 viri
145 1393 286 1456 cogerent.

137 1461 282 1514 XXXVll.
299 1463 415 1530 Quoque
426 1464 518 1530 plnres
529 1469 634 1530 partem
646 1463 881 1516 administrandae

82 1538 254 1605 reipublicae
269 1543 410 1604 caperent,
432 1555 505 1590 nova
520 1539 613 1590 officia
632 1540 813 1605 excogitavit:
838 1557 882 1590 cu-

82 1629 142 1664 ram
158 1628 273 1680 operum
294 1613 480 1680 publicorum,
501 1615 621 1678 viarum,
644 1629 790 1682 aquarum,
811 1613 884 1664 alvei

83 1689 207 1753 Tiberis,
228 1688 360 1740 inanienti
379 1689 482 1756 populo
504 1689 658 1752 dividendi,
679 1687 883 1756 praefecturam

84 1765 179 1828 Urbis,
195 1764 399 1814 triumuiratum
410 1764 520 1831 legendi
530 1769 653 1827 senatus,
675 1770 702 1815 et
713 1764 829 1816 alterurn
839 1781 882 1815 re·

83 1839 272 1906 cognoscendi
290 1844 395 1890 turmas
415 1839 550 1904 equitnm,
576 1840 792 1906 quotiescunque
813 1855 882 1906 opus

83 1921 164 1968 esset.
210 1913 356 1979 Censores,
383 1914 472 1964 creari
496 1912 600 1963 desitos
620 1914 704 1979 longo
725 1914 881 1975 intervallo,

84 1991 201 2041 creavit:
221 2005 364 2041 numerum
381 1993 539 2056 praetorum
555 1987 641 2038 auxit.
679 1987 779 2053 Exegit
789 1989 881 2050 etiam,

84 2072 126 2130 ut,
139 2063 250 2132 quoties
262 2065 422 2116 consulatus
433 2063 487 2114 sibi
497 2063 621 2126 daremr,
636 2062 718 2112 binus
728 2077 779 2129 pro
791 2063 882 2130 singu·

84 2139 118 2190 lis
139 2139 264 2206 collegas
284 2138 409 2192 haberet:
439 2155 489 2190 nec
510 2138 643 2201 obtinuit,
668 2137 882 2190 reclamantibus

84 2215 203 2278 eunctis,
219 2214 289 2265 satis
299 2215 470 2266 nraiestatem
481 2214 540 2266 eius
550 2213 688 2279 imminui,
710 2215 784 2282 qnod
795 2213 881 2266 hono·

83 2303 138 2342 rem
149 2307 214 2342 enm
224 2305 280 2341 non
292 2290 377 2354 solus,
388 2290 436 2342 sed
447 2307 507 2342 eum
519 2291 606 2340 altero
617 2297 732 2357 gereret.
864 2341 867 2346 ,

137 2363 294 2417 XXXVlll.
315 2364 372 2417 Nee
386 2366 498 2432 parcior
510 2365 539 2415 in
554 2365 654 2416 bellica
672 2367 774 2418 virtute
794 2363 881 2415 hono-

82 2441 184 2506 randa,
206 2455 289 2506 super
302 2441 417 2507 triginta
432 2441 547 2490 ducibus
561 2441 651 2491 iustos
665 2438 833 2506 triumphos,
855 2442 883 2488 et

84 2517 229 2584 aliquanto
251 2515 376 2582 pluribus
399 2513 579 2580 triumphalia
604 2519 766 2565 ornamenta
790 2514 881 2563 decer-

81 2593 173 2642 nenda
184 2592 301 2642 curavit.
336 2589 446 2640 Liberis
456 2595 623 2652 senatorum,
635 2604 690 2654 quo
703 2588 818 2639 celerius
829 2587 881 2636 rei-

81 2667 211 2734 publicae
223 2665 552 2731 assuescerent,protiuns
561 2663 668 2714 virilem
679 2668 783 2730 togam,
793 2664 882 2713 latum

83 2741 191 2797 clavium
206 2741 333 2805 induere,
354 2745 383 2791 et
399 2739 491 2790 curiae
506 2739 638 2788 interesse
651 2738 788 2806 permisit:
809 2737 881 2789 mili-
