2050 3034
118 244 168 300 118
396 245 422 290 C.
450 241 635 290 SUETONll

117 371 175 422 lilio
186 370 293 433 Druso,
304 379 461 435 quanquam
471 365 540 416 bene
551 364 754 414 convenientem
766 377 920 430 rursusque

115 445 271 514 gravidam,
285 443 434 504 dimittere,
450 455 484 490 ac
493 439 605 502 Iuliam,
616 437 733 504 Augrmi
743 437 841 501 liliam,
854 451 919 489 eon·

115 520 207 570 festim
224 523 337 569 coactius
351 522 394 567 est
408 515 520 576 ducere3
544 528 600 564 non
616 512 674 562 sine
688 525 789 579 magno
812 525 921 579 angore

71 607 73 611 ·
116 594 214 657 animi,
236 605 318 658 quum
334 595 361 640 et
370 589 538 656 Agrippinae
553 585 752 639 consuetudine
765 591 919 650 teneretur,

116 675 143 720 et
156 667 244 718 Iuliae
258 679 349 716 mores
363 663 547 730 improbaret,
568 667 600 713 ut
619 675 702 728 quam
722 661 856 712 sensisset
875 661 920 712 sui

116 755 225 810 quoquc
246 738 410 806 subpriore
429 739 530 788 marito
552 740 736 804 appetentem,
758 733 835 802 quod
850 749 920 786 sane

115 817 198 881 vulgo
210 815 292 866 etiam
308 812 528 863 existimabatur.
568 810 622 862 Sed
632 810 813 878 Agrippinam
830 815 860 862 et
871 811 920 861 ab·

115 890 204 956 egisse
214 893 279 956 post
289 887 438 938 divortium
449 885 551 949 doluit,
567 891 596 935 et
605 885 689 936 semel
700 885 813 936 omnino
825 897 860 936 cx
872 899 921 936 oc-

115 978 198 1016 cursu
206 963 294 1014 viscm
306 961 376 1013 adeo
388 962 524 1012 contentis
534 965 563 1010 et
571 959 740 1011 tumentibus
751 959 842 1010 oculis
852 973 921 1026 pro-

113 1044 224 1090 secutus
234 1044 287 1101 est,
303 1043 335 1088 ut
345 1036 513 1087 eustoditmn
524 1034 573 1098 sit,
584 1049 618 1084 ne
628 1048 749 1102 unquam
760 1034 790 1084 in
801 1047 920 1101 eonspe-

114 1121 186 1164 ctum
198 1113 257 1164 eius
267 1109 386 1179 posthac
394 1111 508 1161 veniret.
539 1108 605 1159 (lum
617 1107 689 1159 lulla
698 1108 788 1174 primo
800 1121 920 1160 concor·

113 1179 918 1250 diteretsmoremutuovixitsmoxdisseditetaliquunto
1019 1223 1020 1232 ,

112 1262 234 1330 gravius,
239 1265 271 1313 ut
281 1260 364 1312 etiam
376 1263 508 1327 perpetuo
520 1257 672 1320 secuberet,
677 1257 830 1325 intercepto
842 1269 919 1308 com-

113 1337 203 1386 munis
211 1337 266 1386 filii
275 1333 455 1402 pignore,qui
464 1331 608 1399 Aquileiae
617 1338 700 1382 natus
708 1330 801 1382 infans
812 1331 919 1384 exstin·
1019 1395 1020 1398 Ἴ

114 1417 173 1462 emas
184 1416 234 1460 est.
265 1408 387 1464 Drusum
398 1407 511 1458 fratrem
520 1407 550 1456 in
562 1405 711 1457 Germania
722 1406 825 1469 amisit,
838 1407 919 1457 cuius

114 1497 227 1550 corpus,
248 1482 365 1551 pedibus
379 1487 440 1533 toto
455 1482 554 1532 itinere
568 1479 776 1548 praegrediens,
798 1479 919 1533 Romam

112 1570 200 1626 usque
210 1559 344 1626 pervexit.
425 1589 428 1597 .

69 1669 72 1672 -
169 1632 243 1684 Vlll.
265 1631 394 1682 Ciuilium
409 1629 563 1681 ciliciorum
578 1629 742 1680 rudimentis
760 1643 854 1696 regem
868 1629 919 1680 Ar·

114 1705 253 1768 obelaum,
270 1703 431 1755 Trallianos
442 1709 470 1754 et
479 1701 644 1767 'l'liesselos,
655 1703 735 1754 varia
746 1718 873 1771 quosque
884 1704 920 1754 de

114 1795 212 1841 causa,
224 1780 348 1846 Augusto
361 1785 557 1846 cognoscente,
573 1777 705 1829 defendit
743 1776 800 1830 Pro
810 1776 918 1830 Laodi·

115 1856 198 1918 oenis,
210 1852 398 1921 Thyatirenis,
411 1851 501 1916 Chiis,
512 1859 602 1904 terrae
612 1858 692 1904 motu
702 1851 812 1905 afflictis
823 1867 918 1921 opem-

114 1945 167 1998 que
181 1927 409 1997 implorantibus,
430 1933 556 1980 senetum
576 1927 740 1995 deprecatus
754 1931 806 1979 est.
844 1926 918 1979 Fan·

113 2006 189 2056 nium
201 2004 378 2072 caepionem,
391 2003 439 2070 qui
449 2019 511 2054 cum
520 2001 648 2053 Varrone
658 2001 776 2055 Murena
784 2002 815 2054 in
824 2001 917 2070 Augu-

114 2085 186 2130 stum
208 2079 427 2146 conspiraverat,
448 2091 526 2128 reum
545 2075 700 2128 maiestatis
716 2076 790 2145 apud
809 2077 918 2128 iudiee's
1018 2071 1019 2114 i

113 2153 182 2202 iecit
191 2159 218 2203 et
229 2151 430 2204 condemnavit.
456 2151 584 2218 Interque
594 2148 662 2202 haec
673 2150 810 2219 duplicem
822 2165 916 2203 euram

115 2225 331 2290 administravit,
344 2239 483 2288 annonae,
496 2240 566 2292 quae
577 2225 667 2278 artior
675 2225 867 2293 inciderat,et
876 2241 918 2276 re·

114 2299 323 2368 purgandorum
332 2305 394 2350 tota
403 2297 487 2350 ltalia
501 2299 717 2367 ergastulorum,
728 2293 859 2367 ‘quorum
869 2299 918 2351 do·

114 2376 184 2436 mini
193 2377 223 2426 in
232 2374 366 2426 invidiam
376 2379 520 2440 venerant,
532 2375 615 2449 quasi
625 2379 755 2441 exceptos
766 2374 919 2442 supprime·

77 2454 80 2458 ’
115 2457 184 2516 rent,
196 2466 253 2503 non
263 2447 354 2502 solum
363 2449 495 2514 viatores,
508 2449 556 2502 sed
567 2455 595 2502 et
605 2463 675 2516 quos
685 2449 854 2502 sacramenti
863 2463 920 2501 me-

114 2527 206 2576 tuead
217 2524 377 2578 huiusmodi
387 2524 509 2577 latebras
520 2523 709 2594 compulisset.

172 2601 221 2653 lX.
243 2600 388 2669 Stipendia
398 2600 488 2668 prima
503 2599 680 2668 expeditione
692 2599 861 2652 cantabrica
870 2599 921 2650 trl·

115 2672 204 2726 liunus
214 2676 333 2727 militum
343 2675 423 2728 iecit:
435 2675 542 2740 deinde,
555 2669 637 2726 dubto
650 2673 832 2728 adorientem
843 2689 922 2726 exer·
1017 2657 1018 2728 l

117 2747 187 2811 citu,
203 2765 316 2817 regnum
327 2749 472 2803 Armeniae
483 2751 601 2818 'ligrani
610 2749 745 2814 restituit,
761 2765 795 2803 ac
807 2765 860 2817 pro
870 2749 923 2801 tri·
