2036 3022
127 201 177 252 218
406 199 432 246 G.
457 197 646 246 SUETONll

126 342 213 396 usque
224 324 550 394 oppeririperseveravit.
573 324 743 390 Quocunque
753 322 931 390 gladiatorio

126 413 250 465 inuuere,
270 401 313 452 vel
328 416 392 464 suo,
412 399 457 452 vel
472 399 578 461 alieno,
600 399 683 449 etiam
694 397 766 449 forte
778 398 931 466 prolapsos

126 477 248 546 iugulari
258 477 382 540 iubebat,
398 475 516 526 maxime
526 473 669 536 retiarius,
684 479 715 524 nt
725 473 929 540 exspirantium

126 554 225 604 faciem
236 552 349 603 videret.
390 550 480 611 Quum
494 565 545 617 par
560 547 699 618 quoddam
710 548 813 600 mutuis
824 549 929 600 ictibus

128 627 305 688 concidisset,
327 624 454 676 cultellos
468 625 523 676 sibi
536 623 666 692 paruulos
677 639 709 673 ex
720 628 842 690 utroque
851 623 927 676 ferro

127 705 156 754 in
168 717 248 752 usum
264 701 324 750 lieri
338 699 396 750 sine
412 714 491 749 mora
504 699 593 750 iussit.
633 698 780 750 Bestiariis
796 700 927 750 meridia·

128 779 224 844 uisque
236 775 305 826 adeo
317 773 514 838 delectabatur,
520 780 552 824 ut
561 780 589 825 et
598 775 688 841 prima
698 773 759 824 luce
770 772 806 823 ad
818 779 927 842 specta-

129 851 220 903 culum
231 849 415 913 descenderet,
427 853 454 900 et
463 848 591 912 meridie,
603 848 717 900 dimisso
730 847 765 898 ad
776 848 926 916 prandium

128 925 242 995 populo,
253 925 417 992 persederet,
428 929 591 993 praeterque
602 923 765 986 destinatos,
772 923 857 974 etiam
870 924 925 976 levi

127 1002 273 1068 subitaque
284 999 318 1052 de
329 1015 421 1063 carisa,
433 999 566 1066 quosdam
578 999 772 1060 committeret,
786 997 819 1049 de
831 997 926 1050 fabro-

127 1091 188 1127 rum
199 1091 308 1144 quoque
318 1090 351 1126 ac
361 1074 549 1131 ministrorum
565 1078 647 1140 atque
662 1072 691 1123 id
702 1088 787 1140 genus
798 1088 925 1136 numero,

127 1152 151 1203 si
162 1156 345 1215 automatrmr,
359 1149 404 1200 vel
414 1163 525 1217 pegma,
540 1147 584 1200 vel
594 1147 660 1215 quid
670 1147 726 1200 tale
737 1146 814 1198 aliud
825 1163 924 1215 parum

127 1227 262 1278 cessisset.
296 1224 407 1276 induxit
417 1229 444 1276 et
453 1237 537 1275 uuum
548 1238 582 1274 eu
591 1223 846 1274 nomenclatoribus
857 1225 924 1288 siris,

126 1302 198 1352 sicut
208 1306 268 1352 erat
277 1307 397 1368 togatus.

182 1373 296 1426 XXXV.
318 1373 371 1426 Sed
386 1373 456 1426 nihil
472 1389 557 1442 aeque
573 1387 655 1441 quam
671 1372 785 1424 timidus
801 1387 835 1424 ac
855 1373 942 1424 dim--

127 1450 193 1502 deus
204 1449 266 1501 fuit.
305 1449 404 1500 Primis
415 1449 525 1516 imperii
536 1449 645 1512 diebus,
658 1463 830 1516 quanquam,
842 1455 874 1500 ut
885 1449 925 1501 di-

125 1527 229 1588 ximus,
250 1525 371 1577 iactator
382 1523 538 1587 civilitatis,
558 1539 646 1591 neque
657 1523 784 1574 convivia
794 1523 867 1576 inire
878 1539 925 1574 au·
1002 1579 1003 1582 Ἴ

127 1618 173 1652 sus
188 1608 242 1665 est,
263 1600 320 1650 nisi
333 1605 364 1650 ut
379 1598 567 1667 speculatores
578 1614 638 1650 erun
649 1597 753 1661 lanceis
765 1598 924 1650 circumsta·
1002 1625 1003 1642 ι

126 1681 198 1739 rent,
219 1673 374 1742 militesque
388 1673 449 1724 vice
464 1673 652 1725 ministrorum
667 1672 858 1740 iungerentur3
879 1690 923 1726 ne-

127 1765 179 1816 que
191 1763 302 1816 aegrum
313 1763 476 1818 quemquam
486 1749 618 1812 visitarit,
624 1748 681 1798 nisi
690 1748 835 1816 explorato
847 1749 924 1816 prius

127 1822 268 1888 cubiculo,
296 1823 472 1891 culcitrisque
495 1830 522 1876 et
541 1823 672 1890 stragulis
693 1825 874 1890 praetentatis
898 1830 924 1876 et

126 1900 261 1952 excussis:
281 1899 389 1966 reliquo
402 1905 491 1951 autem
502 1905 626 1967 tempore
636 1897 838 1950 salutatoribus
849 1915 922 1952 scru-
1000 1919 1002 1954 ι

125 1981 230 2028 tatores
241 1991 348 2043 semper
359 1975 496 2044 apposuit,
509 1973 657 2042 etquidem
668 1973 804 2038 omnibus,
810 1979 838 2026 et
848 1990 922 2026 acer·

124 2051 264 2102 bissimos.
285 2050 353 2102 Sero
364 2051 436 2101 enim
448 2066 480 2101 ac
489 2049 537 2100 rix
547 2049 661 2112 remisit,
672 2063 706 2098 ne
716 2048 835 2101 feminae
845 2065 922 2117 prae·
1001 2069 1002 2108 3

125 2126 277 2194 textatique
297 2125 377 2191 pueri
396 2129 423 2175 et
441 2123 550 2192 puellae
570 2129 817 2188 contrectarentur,
844 2131 872 2176 et
890 2141 923 2176 ne
1001 2183 1002 2190 ἵ

126 2200 204 2250 cuius
220 2200 316 2251 comiti
332 2207 380 2250 aut
393 2199 510 2250 librario
526 2199 693 2250 calamariae
709 2205 736 2250 et
746 2196 922 2266 graphiariae
1001 2199 1002 2238 f

126 2272 222 2326 thecae
233 2273 426 2325 adimerentur.
465 2272 545 2323 Motu
556 2273 644 2336 civili,
657 2289 740 2341 quum
750 2289 811 2324 eum
823 2273 923 2326 eanm-

125 2348 181 2415 lus,
201 2365 258 2402 non
274 2348 402 2400 dubitans
418 2347 500 2398 etiam
518 2348 588 2400 citra
601 2348 703 2402 bellum
718 2364 800 2415 posse
815 2350 922 2411 terreri,

126 2424 326 2476 contumeliosa
337 2429 364 2474 et
373 2423 476 2474 minaei
490 2428 516 2474 et
528 2423 685 2474 contumaci
695 2423 815 2491 epistola
826 2424 922 2476 cedere

123 2499 240 2566 imperio
260 2499 380 2561 iuberet,
404 2498 544 2566 vitamque
570 2498 689 2549 otiosam
713 2499 742 2548 in
762 2499 873 2566 privata
893 2515 922 2550 re

125 2587 219 2638 agere3
240 2573 389 2637 dubitavit,
406 2569 538 2624 adhibitis
548 2573 719 2642 principibus
729 2574 810 2638 viris,
826 2588 863 2626 an
875 2574 922 2627 ob·

122 2650 294 2715 temperaret.
875 2655 886 2664 ·

178 2721 305 2776 XXXVI.
328 2722 466 2783 Quasdam
483 2722 600 2776 insidias
614 2729 716 2776 temere
731 2723 840 2778 delatas
851 2723 921 2780 adet
