<?xml version="1.0" encoding="UTF-8"?>
<!DOCTYPE html PUBLIC "-//W3C//DTD XHTML 1.0 Transitional//EN"
    "http://www.w3.org/TR/xhtml1/DTD/xhtml1-transitional.dtd">
<html xmlns="http://www.w3.org/1999/xhtml" xml:lang="en" lang="en">
 <head>
  <title>
</title>
<meta http-equiv="Content-Type" content="text/html;charset=utf-8" />
  <meta name='ocr-system' content='tesseract 3.04.00' />
  <meta name='ocr-capabilities' content='ocr_page ocr_carea ocr_par ocr_line ocrx_word'/>
</head>
<body>
  <div class='ocr_page' id='page_1' title='image "./csuetoniitranqu05suetgoog_0257.png"; bbox 0 0 2036 3022; ppageno 0'>
   <div class='ocr_carea' id='block_1_1' title="bbox 281 286 856 340">
    <p class='ocr_par' dir='ltr' id='par_1_1' title="bbox 281 286 856 340">
     <span class='ocr_line' id='line_1_1' title="bbox 281 286 856 340; baseline 0.012 -7"><span class='ocrx_word' id='word_1_1' title='bbox 281 286 392 333; x_wconf 84' lang='lat' dir='ltr'><strong>NERO.</strong></span> <span class='ocrx_word' id='word_1_2' title='bbox 428 288 505 332; x_wconf 81' lang='lat' dir='ltr'><strong>cAP.</strong></span> <span class='ocrx_word' id='word_1_3' title='bbox 524 289 638 335; x_wconf 75' lang='lat'><strong>81—33.</strong></span> <span class='ocrx_word' id='word_1_4' title='bbox 793 289 856 340; x_wconf 71' lang='lat' dir='ltr'><strong>ald</strong></span> 
     </span>
    </p>
   </div>
   <div class='ocr_carea' id='block_1_2' title="bbox 12 409 959 2908">
    <p class='ocr_par' dir='ltr' id='par_1_2' title="bbox 56 409 856 558">
     <span class='ocr_line' id='line_1_2' title="bbox 56 409 856 484; baseline 0.005 -20"><span class='ocrx_word' id='word_1_5' title='bbox 56 427 119 464; x_wconf 85' lang='lat' dir='ltr'><strong>cum</strong></span> <span class='ocrx_word' id='word_1_6' title='bbox 135 409 294 477; x_wconf 75' lang='lat' dir='ltr'><strong>extulisset,</strong></span> <span class='ocrx_word' id='word_1_7' title='bbox 310 427 370 463; x_wconf 89' lang='lat' dir='ltr'><strong>esse</strong></span> <span class='ocrx_word' id='word_1_8' title='bbox 387 412 416 462; x_wconf 89' lang='lat' dir='ltr'><strong>in</strong></span> <span class='ocrx_word' id='word_1_9' title='bbox 430 411 523 464; x_wconf 75' lang='lat' dir='ltr'><strong>Africa</strong></span> <span class='ocrx_word' id='word_1_10' title='bbox 536 412 701 464; x_wconf 86' lang='lat' dir='ltr'><strong>vastissimis</strong></span> <span class='ocrx_word' id='word_1_11' title='bbox 716 412 856 484; x_wconf 75' lang='lat' dir='ltr'><strong>&#39;specubus</strong></span> 
     </span>
     <span class='ocr_line' id='line_1_3' title="bbox 56 487 807 558; baseline 0.004 -20"><span class='ocrx_word' id='word_1_12' title='bbox 56 487 186 550; x_wconf 90' lang='lat' dir='ltr'><strong>abditos,</strong></span> <span class='ocrx_word' id='word_1_13' title='bbox 199 502 232 537; x_wconf 90' lang='lat' dir='ltr'><strong>ac</strong></span> <span class='ocrx_word' id='word_1_14' title='bbox 242 501 324 553; x_wconf 86' lang='lat' dir='ltr'><strong>posse</strong></span> <span class='ocrx_word' id='word_1_15' title='bbox 334 487 395 538; x_wconf 85' lang='lat' dir='ltr'><strong>crui</strong></span> <span class='ocrx_word' id='word_1_16' title='bbox 404 488 520 556; x_wconf 88' lang='lat' dir='ltr'><strong>parvula</strong></span> <span class='ocrx_word' id='word_1_17' title='bbox 530 489 702 541; x_wconf 81' lang='lat' dir='ltr'><strong>molientium</strong></span> <span class='ocrx_word' id='word_1_18' title='bbox 714 498 807 558; x_wconf 85' lang='lat' dir='ltr'><strong>oper‘a.</strong></span> 
     </span>
    </p>

    <p class='ocr_par' dir='ltr' id='par_1_3' title="bbox 54 559 959 2514">
     <span class='ocr_line' id='line_1_4' title="bbox 112 559 856 635; baseline 0.008 -23"><span class='ocrx_word' id='word_1_19' title='bbox 112 561 232 612; x_wconf 85' lang='lat' dir='ltr'><strong>XXXII.</strong></span> <span class='ocrx_word' id='word_1_20' title='bbox 252 559 353 614; x_wconf 89' lang='lat' dir='ltr'><strong>Verum</strong></span> <span class='ocrx_word' id='word_1_21' title='bbox 367 569 399 614; x_wconf 87' lang='lat' dir='ltr'><strong>ut</strong></span> <span class='ocrx_word' id='word_1_22' title='bbox 412 579 474 631; x_wconf 88' lang='lat' dir='ltr'><strong>spes</strong></span> <span class='ocrx_word' id='word_1_23' title='bbox 488 562 600 628; x_wconf 82' lang='lat' dir='ltr'><strong>fefellit,</strong></span> <span class='ocrx_word' id='word_1_24' title='bbox 616 564 762 616; x_wconf 84' lang='lat' dir='ltr'><strong>destitutus</strong></span> <span class='ocrx_word' id='word_1_25' title='bbox 774 571 856 635; x_wconf 86' lang='lat' dir='ltr'><strong>atque</strong></span> 
     </span>
     <span class='ocr_line' id='line_1_5' title="bbox 56 635 855 709; baseline 0.006 -21"><span class='ocrx_word' id='word_1_26' title='bbox 56 639 99 688; x_wconf 89' lang='lat' dir='ltr'><strong>ita</strong></span> <span class='ocrx_word' id='word_1_27' title='bbox 113 638 173 688; x_wconf 90' lang='lat' dir='ltr'><strong>iam</strong></span> <span class='ocrx_word' id='word_1_28' title='bbox 189 635 338 688; x_wconf 82' lang='lat' dir='ltr'><strong>exhaustus</strong></span> <span class='ocrx_word' id='word_1_29' title='bbox 349 644 377 689; x_wconf 89' lang='lat' dir='ltr'><strong>et</strong></span> <span class='ocrx_word' id='word_1_30' title='bbox 386 653 479 706; x_wconf 83' lang='lat' dir='ltr'><strong>egens,</strong></span> <span class='ocrx_word' id='word_1_31' title='bbox 495 646 527 689; x_wconf 92' lang='lat' dir='ltr'><strong>ut</strong></span> <span class='ocrx_word' id='word_1_32' title='bbox 536 640 675 706; x_wconf 88' lang='lat' dir='ltr'><strong>stipendia</strong></span> <span class='ocrx_word' id='word_1_33' title='bbox 686 657 795 709; x_wconf 90' lang='lat' dir='ltr'><strong>quoque</strong></span> <span class='ocrx_word' id='word_1_34' title='bbox 805 643 855 692; x_wconf 90' lang='lat' dir='ltr'><strong>mi·</strong></span> 
     </span>
     <span class='ocr_line' id='line_1_6' title="bbox 57 713 856 782; baseline 0.008 -19"><span class='ocrx_word' id='word_1_35' title='bbox 57 714 140 764; x_wconf 89' lang='lat' dir='ltr'><strong>litum</strong></span> <span class='ocrx_word' id='word_1_36' title='bbox 155 718 185 764; x_wconf 91' lang='lat' dir='ltr'><strong>et</strong></span> <span class='ocrx_word' id='word_1_37' title='bbox 199 713 344 764; x_wconf 89' lang='lat' dir='ltr'><strong>commoda</strong></span> <span class='ocrx_word' id='word_1_38' title='bbox 358 720 549 765; x_wconf 87' lang='lat' dir='ltr'><strong>veteranorum</strong></span> <span class='ocrx_word' id='word_1_39' title='bbox 563 714 691 782; x_wconf 80' lang='lat' dir='ltr'><strong>protrahi</strong></span> <span class='ocrx_word' id='word_1_40' title='bbox 705 732 738 768; x_wconf 92' lang='lat' dir='ltr'><strong>ac</strong></span> <span class='ocrx_word' id='word_1_41' title='bbox 749 715 856 770; x_wconf 86' lang='lat' dir='ltr'><strong>differri</strong></span> 
     </span>
     <span class='ocr_line' id='line_1_7' title="bbox 57 787 853 857; baseline 0.005 -17"><span class='ocrx_word' id='word_1_42' title='bbox 57 803 172 840; x_wconf 86' lang='lat' dir='ltr'><strong>necesse</strong></span> <span class='ocrx_word' id='word_1_43' title='bbox 182 793 263 852; x_wconf 89' lang='lat' dir='ltr'><strong>esset,</strong></span> <span class='ocrx_word' id='word_1_44' title='bbox 269 787 413 838; x_wconf 90' lang='lat' dir='ltr'><strong>calumniis</strong></span> <span class='ocrx_word' id='word_1_45' title='bbox 424 790 583 857; x_wconf 83' lang='lat' dir='ltr'><strong>rapinisque</strong></span> <span class='ocrx_word' id='word_1_46' title='bbox 593 791 713 844; x_wconf 83' lang='lat' dir='ltr'><strong>intendit</strong></span> <span class='ocrx_word' id='word_1_47' title='bbox 722 793 853 844; x_wconf 86' lang='lat' dir='ltr'><strong>animum.</strong></span> 
     </span>
     <span class='ocr_line' id='line_1_8' title="bbox 57 863 855 927; baseline 0.008 -13"><span class='ocrx_word' id='word_1_48' title='bbox 57 865 126 916; x_wconf 87' lang='lat' dir='ltr'><strong>llnte</strong></span> <span class='ocrx_word' id='word_1_49' title='bbox 143 863 239 916; x_wconf 85' lang='lat' dir='ltr'><strong>omnia</strong></span> <span class='ocrx_word' id='word_1_50' title='bbox 258 863 390 927; x_wconf 85' lang='lat' dir='ltr'><strong>institnit,</strong></span> <span class='ocrx_word' id='word_1_51' title='bbox 410 869 443 914; x_wconf 88' lang='lat' dir='ltr'><strong>ut</strong></span> <span class='ocrx_word' id='word_1_52' title='bbox 456 879 471 914; x_wconf 90' lang='lat' dir='ltr'><strong>e</strong></span> <span class='ocrx_word' id='word_1_53' title='bbox 486 863 647 916; x_wconf 86' lang='lat' dir='ltr'><strong>libertorum</strong></span> <span class='ocrx_word' id='word_1_54' title='bbox 663 866 855 920; x_wconf 79' lang='lat' dir='ltr'><strong>defunctorum</strong></span> 
     </span>
     <span class='ocr_line' id='line_1_9' title="bbox 58 938 853 1011; baseline 0.008 -21"><span class='ocrx_word' id='word_1_55' title='bbox 58 939 139 992; x_wconf 89' lang='lat' dir='ltr'><strong>bonis</strong></span> <span class='ocrx_word' id='word_1_56' title='bbox 150 953 203 1006; x_wconf 90' lang='lat' dir='ltr'><strong>pro</strong></span> <span class='ocrx_word' id='word_1_57' title='bbox 214 939 327 990; x_wconf 86' lang='lat' dir='ltr'><strong>semisse</strong></span> <span class='ocrx_word' id='word_1_58' title='bbox 338 938 453 990; x_wconf 79' lang='lat' dir='ltr'><strong>dextans</strong></span> <span class='ocrx_word' id='word_1_59' title='bbox 463 939 490 990; x_wconf 92' lang='lat' dir='ltr'><strong>ei</strong></span> <span class='ocrx_word' id='word_1_60' title='bbox 501 947 651 1006; x_wconf 83' lang='lat' dir='ltr'><strong>cogeretur,</strong></span> <span class='ocrx_word' id='word_1_61' title='bbox 664 943 780 1010; x_wconf 89' lang='lat' dir='ltr'><strong>quisine</strong></span> <span class='ocrx_word' id='word_1_62' title='bbox 791 961 853 1011; x_wconf 88' lang='lat' dir='ltr'><strong>pro·</strong></span> 
     </span>
     <span class='ocr_line' id='line_1_10' title="bbox 57 1013 950 1081; baseline 0.003 -15"><span class='ocrx_word' id='word_1_63' title='bbox 57 1015 148 1066; x_wconf 91' lang='lat' dir='ltr'><strong>babili</strong></span> <span class='ocrx_word' id='word_1_64' title='bbox 159 1029 245 1065; x_wconf 87' lang='lat' dir='ltr'><strong>causa</strong></span> <span class='ocrx_word' id='word_1_65' title='bbox 254 1030 287 1066; x_wconf 90' lang='lat' dir='ltr'><strong>eo</strong></span> <span class='ocrx_word' id='word_1_66' title='bbox 298 1015 408 1065; x_wconf 90' lang='lat' dir='ltr'><strong>nomine</strong></span> <span class='ocrx_word' id='word_1_67' title='bbox 418 1013 548 1077; x_wconf 74' lang='lat' dir='ltr'><strong>fluissent,</strong></span> <span class='ocrx_word' id='word_1_68' title='bbox 564 1029 618 1081; x_wconf 89' lang='lat' dir='ltr'><strong>quo</strong></span> <span class='ocrx_word' id='word_1_69' title='bbox 630 1022 721 1067; x_wconf 88' lang='lat' dir='ltr'><strong>essent</strong></span> <span class='ocrx_word' id='word_1_70' title='bbox 728 1017 803 1069; x_wconf 85' lang='lat' dir='ltr'><strong>ullae</strong></span> <span class='ocrx_word' id='word_1_71' title='bbox 813 1017 854 1068; x_wconf 81' lang='lat' dir='ltr'><strong>la·</strong></span> <span class='ocrx_word' id='word_1_72' title='bbox 937 1016 950 1036; x_wconf 79' lang='lat'><em>⁶</em></span> 
     </span>
     <span class='ocr_line' id='line_1_11' title="bbox 57 1088 856 1158; baseline 0.004 -17"><span class='ocrx_word' id='word_1_73' title='bbox 57 1090 163 1154; x_wconf 89' lang='lat' dir='ltr'><strong>miliae,</strong></span> <span class='ocrx_word' id='word_1_74' title='bbox 174 1104 244 1157; x_wconf 91' lang='lat' dir='ltr'><strong>quas</strong></span> <span class='ocrx_word' id='word_1_75' title='bbox 254 1089 313 1156; x_wconf 86' lang='lat' dir='ltr'><strong>ipse</strong></span> <span class='ocrx_word' id='word_1_76' title='bbox 325 1089 511 1156; x_wconf 81' lang='lat' dir='ltr'><strong>contingeret:</strong></span> <span class='ocrx_word' id='word_1_77' title='bbox 527 1088 633 1153; x_wconf 90' lang='lat' dir='ltr'><strong>deinde,</strong></span> <span class='ocrx_word' id='word_1_78' title='bbox 645 1096 676 1140; x_wconf 90' lang='lat' dir='ltr'><strong>ut</strong></span> <span class='ocrx_word' id='word_1_79' title='bbox 685 1090 856 1158; x_wconf 75' lang='lat' dir='ltr'><strong>ingratorum</strong></span> 
     </span>
     <span class='ocr_line' id='line_1_12' title="bbox 56 1163 959 1234; baseline 0.003 -18"><span class='ocrx_word' id='word_1_80' title='bbox 56 1164 251 1234; x_wconf 85' lang='lat' dir='ltr'><strong>inprincipem</strong></span> <span class='ocrx_word' id='word_1_81' title='bbox 261 1168 426 1216; x_wconf 87' lang='lat' dir='ltr'><strong>testamenta</strong></span> <span class='ocrx_word' id='word_1_82' title='bbox 435 1163 471 1214; x_wconf 91' lang='lat' dir='ltr'><strong>ad</strong></span> <span class='ocrx_word' id='word_1_83' title='bbox 481 1164 577 1214; x_wconf 87' lang='lat' dir='ltr'><strong>liscum</strong></span> <span class='ocrx_word' id='word_1_84' title='bbox 587 1166 812 1230; x_wconf 86' lang='lat' dir='ltr'><strong>pertinerent;ac</strong></span> <span class='ocrx_word' id='word_1_85' title='bbox 822 1183 856 1219; x_wconf 91' lang='lat' dir='ltr'><strong>ne</strong></span> <span class='ocrx_word' id='word_1_86' title='bbox 956 1189 959 1193; x_wconf 94' lang='lat'>·</span> 
     </span>
     <span class='ocr_line' id='line_1_13' title="bbox 56 1239 856 1310; baseline 0.001 -18"><span class='ocrx_word' id='word_1_87' title='bbox 56 1242 172 1310; x_wconf 89' lang='lat' dir='ltr'><strong>impune</strong></span> <span class='ocrx_word' id='word_1_88' title='bbox 185 1245 259 1292; x_wconf 87' lang='lat' dir='ltr'><strong>esset</strong></span> <span class='ocrx_word' id='word_1_89' title='bbox 271 1239 404 1291; x_wconf 72' lang='lat' dir='ltr'><strong>studiosis</strong></span> <span class='ocrx_word' id='word_1_90' title='bbox 416 1240 499 1304; x_wconf 85' lang='lat' dir='ltr'><strong>iuris,</strong></span> <span class='ocrx_word' id='word_1_91' title='bbox 516 1241 564 1307; x_wconf 90' lang='lat' dir='ltr'><strong>qui</strong></span> <span class='ocrx_word' id='word_1_92' title='bbox 578 1241 753 1306; x_wconf 79' lang='lat' dir='ltr'><strong>scripsissent</strong></span> <span class='ocrx_word' id='word_1_93' title='bbox 761 1241 806 1293; x_wconf 89' lang='lat' dir='ltr'><strong>vel</strong></span> <span class='ocrx_word' id='word_1_94' title='bbox 817 1243 856 1293; x_wconf 89' lang='lat' dir='ltr'><strong>di·</strong></span> 
     </span>
     <span class='ocr_line' id='line_1_14' title="bbox 58 1315 856 1387; baseline 0.004 -20"><span class='ocrx_word' id='word_1_95' title='bbox 58 1321 244 1368; x_wconf 87' lang='lat' dir='ltr'><strong>ctasseutea:</strong></span> <span class='ocrx_word' id='word_1_96' title='bbox 263 1319 342 1380; x_wconf 88' lang='lat' dir='ltr'><strong>tunc,</strong></span> <span class='ocrx_word' id='word_1_97' title='bbox 358 1321 390 1366; x_wconf 86' lang='lat' dir='ltr'><strong>ut</strong></span> <span class='ocrx_word' id='word_1_98' title='bbox 404 1315 464 1382; x_wconf 84' lang='lat' dir='ltr'><strong>lege</strong></span> <span class='ocrx_word' id='word_1_99' title='bbox 478 1315 631 1366; x_wconf 85' lang='lat' dir='ltr'><strong>maiestatis</strong></span> <span class='ocrx_word' id='word_1_100' title='bbox 640 1315 717 1367; x_wconf 87' lang='lat' dir='ltr'><strong>facta</strong></span> <span class='ocrx_word' id='word_1_101' title='bbox 727 1316 856 1387; x_wconf 90' lang='lat' dir='ltr'><strong>dictaque</strong></span> 
     </span>
     <span class='ocr_line' id='line_1_15' title="bbox 57 1389 856 1458; baseline 0.001 -15"><span class='ocrx_word' id='word_1_102' title='bbox 57 1391 162 1456; x_wconf 83' lang='lat' dir='ltr'><strong>omnia,</strong></span> <span class='ocrx_word' id='word_1_103' title='bbox 174 1391 276 1458; x_wconf 88' lang='lat' dir='ltr'><strong>quibus</strong></span> <span class='ocrx_word' id='word_1_104' title='bbox 285 1389 368 1458; x_wconf 82' lang='lat' dir='ltr'><strong>modo</strong></span> <span class='ocrx_word' id='word_1_105' title='bbox 381 1389 489 1441; x_wconf 86' lang='lat' dir='ltr'><strong>delator</strong></span> <span class='ocrx_word' id='word_1_106' title='bbox 497 1406 554 1442; x_wconf 89' lang='lat' dir='ltr'><strong>non</strong></span> <span class='ocrx_word' id='word_1_107' title='bbox 565 1390 679 1456; x_wconf 83' lang='lat' dir='ltr'><strong>deesset,</strong></span> <span class='ocrx_word' id='word_1_108' title='bbox 689 1397 856 1445; x_wconf 89' lang='lat' dir='ltr'><strong>tenerentur.</strong></span> 
     </span>
     <span class='ocr_line' id='line_1_16' title="bbox 55 1466 856 1536; baseline 0.001 -17"><span class='ocrx_word' id='word_1_109' title='bbox 55 1467 211 1519; x_wconf 81' lang='lat' dir='ltr'><strong>Revocavit</strong></span> <span class='ocrx_word' id='word_1_110' title='bbox 221 1472 249 1517; x_wconf 87' lang='lat' dir='ltr'><strong>et</strong></span> <span class='ocrx_word' id='word_1_111' title='bbox 257 1466 381 1534; x_wconf 82' lang='lat' dir='ltr'><strong>praemla</strong></span> <span class='ocrx_word' id='word_1_112' title='bbox 392 1481 571 1530; x_wconf 86' lang='lat' dir='ltr'><strong>coronarum,</strong></span> <span class='ocrx_word' id='word_1_113' title='bbox 588 1482 658 1536; x_wconf 86' lang='lat' dir='ltr'><strong>quae</strong></span> <span class='ocrx_word' id='word_1_114' title='bbox 668 1483 789 1536; x_wconf 88' lang='lat' dir='ltr'><strong>unquam</strong></span> <span class='ocrx_word' id='word_1_115' title='bbox 800 1470 856 1520; x_wconf 90' lang='lat' dir='ltr'><strong>sibi</strong></span> 
     </span>
     <span class='ocr_line' id='line_1_17' title="bbox 54 1541 854 1611; baseline 0.003 -18"><span class='ocrx_word' id='word_1_116' title='bbox 54 1544 85 1593; x_wconf 90' lang='lat' dir='ltr'><strong>in</strong></span> <span class='ocrx_word' id='word_1_117' title='bbox 101 1541 300 1594; x_wconf 84' lang='lat' dir='ltr'><strong>certaminibus</strong></span> <span class='ocrx_word' id='word_1_118' title='bbox 316 1541 440 1593; x_wconf 85' lang='lat' dir='ltr'><strong>civitates</strong></span> <span class='ocrx_word' id='word_1_119' title='bbox 456 1541 627 1594; x_wconf 84' lang='lat' dir='ltr'><strong>detulissent.</strong></span> <span class='ocrx_word' id='word_1_120' title='bbox 665 1543 702 1594; x_wconf 77' lang='lat' dir='ltr'><strong>Et</strong></span> <span class='ocrx_word' id='word_1_121' title='bbox 716 1560 799 1611; x_wconf 88' lang='lat' dir='ltr'><strong>quum</strong></span> <span class='ocrx_word' id='word_1_122' title='bbox 813 1545 854 1595; x_wconf 92' lang='lat' dir='ltr'><strong>in·</strong></span> 
     </span>
     <span class='ocr_line' id='line_1_18' title="bbox 55 1615 853 1690; baseline 0.003 -21"><span class='ocrx_word' id='word_1_123' title='bbox 55 1617 218 1670; x_wconf 86' lang='lat' dir='ltr'><strong>terdixisset</strong></span> <span class='ocrx_word' id='word_1_124' title='bbox 231 1631 311 1667; x_wconf 90' lang='lat' dir='ltr'><strong>usum</strong></span> <span class='ocrx_word' id='word_1_125' title='bbox 321 1615 505 1690; x_wconf 68' lang='lat' dir='ltr'><strong>⁸amethystini</strong></span> <span class='ocrx_word' id='word_1_126' title='bbox 519 1632 552 1667; x_wconf 89' lang='lat' dir='ltr'><strong>ac</strong></span> <span class='ocrx_word' id='word_1_127' title='bbox 562 1617 643 1685; x_wconf 89' lang='lat' dir='ltr'><strong>Tyrii</strong></span> <span class='ocrx_word' id='word_1_128' title='bbox 654 1619 770 1684; x_wconf 88' lang='lat' dir='ltr'><strong>coloris,</strong></span> <span class='ocrx_word' id='word_1_129' title='bbox 782 1635 853 1670; x_wconf 90' lang='lat' dir='ltr'><strong>sum·</strong></span> 
     </span>
     <span class='ocr_line' id='line_1_19' title="bbox 55 1692 853 1761; baseline 0.003 -17"><span class='ocrx_word' id='word_1_130' title='bbox 55 1693 247 1759; x_wconf 85' lang='lat' dir='ltr'><strong>misissetque,</strong></span> <span class='ocrx_word' id='word_1_131' title='bbox 268 1693 316 1761; x_wconf 91' lang='lat' dir='ltr'><strong>qui</strong></span> <span class='ocrx_word' id='word_1_132' title='bbox 334 1692 518 1743; x_wconf 82' lang='lat' dir='ltr'><strong>nundinanun</strong></span> <span class='ocrx_word' id='word_1_133' title='bbox 538 1692 582 1744; x_wconf 89' lang='lat' dir='ltr'><strong>die</strong></span> <span class='ocrx_word' id='word_1_134' title='bbox 602 1694 736 1761; x_wconf 91' lang='lat' dir='ltr'><strong>pauculas</strong></span> <span class='ocrx_word' id='word_1_135' title='bbox 756 1696 853 1748; x_wconf 88' lang='lat' dir='ltr'><strong>uncias</strong></span> 
     </span>
     <span class='ocr_line' id='line_1_20' title="bbox 57 1767 853 1836; baseline 0.005 -18"><span class='ocrx_word' id='word_1_136' title='bbox 57 1768 200 1836; x_wconf 82' lang='lat' dir='ltr'><strong>venderet,</strong></span> <span class='ocrx_word' id='word_1_137' title='bbox 221 1767 371 1834; x_wconf 76' lang='lat' dir='ltr'><strong>praeclusit</strong></span> <span class='ocrx_word' id='word_1_138' title='bbox 390 1773 503 1818; x_wconf 92' lang='lat' dir='ltr'><strong>cunctos</strong></span> <span class='ocrx_word' id='word_1_139' title='bbox 523 1768 719 1834; x_wconf 83' lang='lat' dir='ltr'><strong>negotiatores.</strong></span> <span class='ocrx_word' id='word_1_140' title='bbox 780 1772 853 1832; x_wconf 74' lang='lat' dir='ltr'><strong>Quin</strong></span> 
     </span>
     <span class='ocr_line' id='line_1_21' title="bbox 57 1841 853 1897; baseline 0.004 -3"><span class='ocrx_word' id='word_1_141' title='bbox 57 1843 141 1895; x_wconf 86' lang='lat' dir='ltr'><strong>etiarn</strong></span> <span class='ocrx_word' id='word_1_142' title='bbox 160 1843 234 1894; x_wconf 85' lang='lat' dir='ltr'><strong>inter</strong></span> <span class='ocrx_word' id='word_1_143' title='bbox 254 1842 404 1894; x_wconf 89' lang='lat' dir='ltr'><strong>canendum</strong></span> <span class='ocrx_word' id='word_1_144' title='bbox 424 1841 642 1894; x_wconf 88' lang='lat' dir='ltr'><strong>animadversam</strong></span> <span class='ocrx_word' id='word_1_145' title='bbox 661 1851 817 1896; x_wconf 89' lang='lat' dir='ltr'><strong>matronam</strong></span> <span class='ocrx_word' id='word_1_146' title='bbox 838 1862 853 1897; x_wconf 88' lang='lat' dir='ltr'><strong>e</strong></span> 
     </span>
     <span class='ocr_line' id='line_1_22' title="bbox 58 1916 853 1986; baseline 0.001 -16"><span class='ocrx_word' id='word_1_147' title='bbox 58 1917 237 1986; x_wconf 81' lang='lat' dir='ltr'><strong>spectaculis,</strong></span> <span class='ocrx_word' id='word_1_148' title='bbox 261 1919 347 1970; x_wconf 81' lang='lat' dir='ltr'><strong>vetita</strong></span> <span class='ocrx_word' id='word_1_149' title='bbox 366 1931 489 1986; x_wconf 85' lang='lat' dir='ltr'><strong>purpura</strong></span> <span class='ocrx_word' id='word_1_150' title='bbox 509 1916 624 1982; x_wconf 88' lang='lat' dir='ltr'><strong>cultam,</strong></span> <span class='ocrx_word' id='word_1_151' title='bbox 650 1917 853 1971; x_wconf 84' lang='lat' dir='ltr'><strong>demonstrasse</strong></span> 
     </span>
     <span class='ocr_line' id='line_1_23' title="bbox 57 1991 852 2063; baseline 0 -19"><span class='ocrx_word' id='word_1_152' title='bbox 57 1993 286 2063; x_wconf 84' lang='lat' dir='ltr'><strong>procuratoribus</strong></span> <span class='ocrx_word' id='word_1_153' title='bbox 306 1993 364 2045; x_wconf 88' lang='lat' dir='ltr'><strong>suis</strong></span> <span class='ocrx_word' id='word_1_154' title='bbox 385 1992 518 2045; x_wconf 87' lang='lat' dir='ltr'><strong>creditur:</strong></span> <span class='ocrx_word' id='word_1_155' title='bbox 540 1991 745 2059; x_wconf 83' lang='lat' dir='ltr'><strong>detractamque</strong></span> <span class='ocrx_word' id='word_1_156' title='bbox 764 1993 852 2058; x_wconf 89' lang='lat' dir='ltr'><strong>illico,</strong></span> 
     </span>
     <span class='ocr_line' id='line_1_24' title="bbox 57 2066 853 2143; baseline -0.001 -23"><span class='ocrx_word' id='word_1_157' title='bbox 57 2085 113 2122; x_wconf 89' lang='lat' dir='ltr'><strong>non</strong></span> <span class='ocrx_word' id='word_1_158' title='bbox 122 2075 199 2122; x_wconf 85' lang='lat' dir='ltr'><strong>veste</strong></span> <span class='ocrx_word' id='word_1_159' title='bbox 208 2069 305 2143; x_wconf 87' lang='lat' dir='ltr'><strong>modo,</strong></span> <span class='ocrx_word' id='word_1_160' title='bbox 316 2069 365 2120; x_wconf 89' lang='lat' dir='ltr'><strong>sed</strong></span> <span class='ocrx_word' id='word_1_161' title='bbox 375 2074 403 2120; x_wconf 89' lang='lat' dir='ltr'><strong>et</strong></span> <span class='ocrx_word' id='word_1_162' title='bbox 411 2068 493 2121; x_wconf 87' lang='lat' dir='ltr'><strong>bonis</strong></span> <span class='ocrx_word' id='word_1_163' title='bbox 504 2067 588 2119; x_wconf 84' lang='lat' dir='ltr'><strong>exuit.</strong></span> <span class='ocrx_word' id='word_1_164' title='bbox 627 2066 706 2118; x_wconf 87' lang='lat' dir='ltr'><strong>Nulli</strong></span> <span class='ocrx_word' id='word_1_165' title='bbox 716 2069 853 2138; x_wconf 84' lang='lat' dir='ltr'><strong>delegavit</strong></span> 
     </span>
     <span class='ocr_line' id='line_1_25' title="bbox 59 2141 851 2212; baseline 0 -16"><span class='ocrx_word' id='word_1_166' title='bbox 59 2145 192 2210; x_wconf 83' lang='lat' dir='ltr'><strong>officium,</strong></span> <span class='ocrx_word' id='word_1_167' title='bbox 203 2150 299 2196; x_wconf 91' lang='lat' dir='ltr'><strong>utnon</strong></span> <span class='ocrx_word' id='word_1_168' title='bbox 310 2144 450 2208; x_wconf 88' lang='lat' dir='ltr'><strong>adiiceret,</strong></span> <span class='ocrx_word' id='word_1_169' title='bbox 462 2141 528 2208; x_wconf 73' lang='lat' dir='ltr'><strong>Scis,</strong></span> <span class='ocrx_word' id='word_1_170' title='bbox 539 2142 605 2210; x_wconf 82' lang='lat' dir='ltr'><strong>quid</strong></span> <span class='ocrx_word' id='word_1_171' title='bbox 612 2142 679 2195; x_wconf 74' lang='lat' dir='ltr'><strong>miti</strong></span> <span class='ocrx_word' id='word_1_172' title='bbox 688 2159 751 2212; x_wconf 82' lang='lat' dir='ltr'><strong>opus</strong></span> <span class='ocrx_word' id='word_1_173' title='bbox 761 2143 804 2207; x_wconf 82' lang='lat' dir='ltr'><strong>sit,</strong></span> <span class='ocrx_word' id='word_1_174' title='bbox 816 2149 851 2210; x_wconf 80' lang='lat' dir='ltr'><strong>et,</strong></span> 
     </span>
     <span class='ocr_line' id='line_1_26' title="bbox 57 2217 851 2289; baseline 0.001 -18"><span class='ocrx_word' id='word_1_175' title='bbox 57 2219 116 2272; x_wconf 89' lang='lat' dir='ltr'><strong>Hoc</strong></span> <span class='ocrx_word' id='word_1_176' title='bbox 139 2221 269 2289; x_wconf 77' lang='lat' dir='ltr'><strong>agamus,</strong></span> <span class='ocrx_word' id='word_1_177' title='bbox 294 2236 327 2272; x_wconf 84' lang='lat' dir='ltr'><strong>ne</strong></span> <span class='ocrx_word' id='word_1_178' title='bbox 347 2218 405 2286; x_wconf 77' lang='lat' dir='ltr'><strong>quis</strong></span> <span class='ocrx_word' id='word_1_179' title='bbox 430 2219 570 2287; x_wconf 81' lang='lat' dir='ltr'><strong>quicquam</strong></span> <span class='ocrx_word' id='word_1_180' title='bbox 593 2217 697 2271; x_wconf 83' lang='lat' dir='ltr'><strong>babeat.</strong></span> <span class='ocrx_word' id='word_1_181' title='bbox 746 2221 851 2272; x_wconf 85' lang='lat' dir='ltr'><strong>Ultimo</strong></span> 
     </span>
     <span class='ocr_line' id='line_1_27' title="bbox 56 2293 851 2366; baseline 0.001 -21"><span class='ocrx_word' id='word_1_182' title='bbox 56 2293 164 2365; x_wconf 83' lang='lat' dir='ltr'><strong>templis</strong></span> <span class='ocrx_word' id='word_1_183' title='bbox 176 2294 363 2364; x_wconf 86' lang='lat' dir='ltr'><strong>compluribus</strong></span> <span class='ocrx_word' id='word_1_184' title='bbox 375 2294 449 2346; x_wconf 87' lang='lat' dir='ltr'><strong>dona</strong></span> <span class='ocrx_word' id='word_1_185' title='bbox 459 2294 592 2360; x_wconf 86' lang='lat' dir='ltr'><strong>detraxit,</strong></span> <span class='ocrx_word' id='word_1_186' title='bbox 603 2295 806 2366; x_wconf 80' lang='lat' dir='ltr'><strong>simulacraque</strong></span> <span class='ocrx_word' id='word_1_187' title='bbox 817 2309 851 2348; x_wconf 90' lang='lat' dir='ltr'><strong>ex</strong></span> 
     </span>
     <span class='ocr_line' id='line_1_28' title="bbox 57 2369 851 2438; baseline -0.001 -16"><span class='ocrx_word' id='word_1_188' title='bbox 57 2385 124 2422; x_wconf 89' lang='lat' dir='ltr'><strong>auro</strong></span> <span class='ocrx_word' id='word_1_189' title='bbox 134 2369 179 2422; x_wconf 83' lang='lat' dir='ltr'><strong>vel</strong></span> <span class='ocrx_word' id='word_1_190' title='bbox 190 2376 302 2438; x_wconf 86' lang='lat' dir='ltr'><strong>argento</strong></span> <span class='ocrx_word' id='word_1_191' title='bbox 313 2369 450 2422; x_wconf 80' lang='lat' dir='ltr'><strong>fabricata</strong></span> <span class='ocrx_word' id='word_1_192' title='bbox 461 2369 603 2434; x_wconf 82' lang='lat' dir='ltr'><strong>conflavit3</strong></span> <span class='ocrx_word' id='word_1_193' title='bbox 613 2371 643 2422; x_wconf 90' lang='lat' dir='ltr'><strong>in</strong></span> <span class='ocrx_word' id='word_1_194' title='bbox 653 2369 696 2422; x_wconf 91' lang='lat' dir='ltr'><strong>his</strong></span> <span class='ocrx_word' id='word_1_195' title='bbox 707 2370 851 2424; x_wconf 86' lang='lat' dir='ltr'><strong>Penatium</strong></span> 
     </span>
     <span class='ocr_line' id='line_1_29' title="bbox 57 2443 579 2514; baseline 0.002 -19"><span class='ocrx_word' id='word_1_196' title='bbox 57 2445 168 2497; x_wconf 89' lang='lat' dir='ltr'><strong>deorum</strong></span> <span class='ocrx_word' id='word_1_197' title='bbox 174 2484 183 2510; x_wconf 92' lang='lat'><strong>,</strong></span> <span class='ocrx_word' id='word_1_198' title='bbox 194 2461 265 2514; x_wconf 88' lang='lat' dir='ltr'><strong>qnae</strong></span> <span class='ocrx_word' id='word_1_199' title='bbox 274 2460 340 2496; x_wconf 90' lang='lat' dir='ltr'><strong>mox</strong></span> <span class='ocrx_word' id='word_1_200' title='bbox 351 2443 442 2496; x_wconf 80' lang='lat' dir='ltr'><strong>Galba</strong></span> <span class='ocrx_word' id='word_1_201' title='bbox 451 2445 579 2496; x_wconf 89' lang='lat' dir='ltr'><strong>restituit.</strong></span> 
     </span>
    </p>

    <p class='ocr_par' dir='ltr' id='par_1_4' title="bbox 53 2519 871 2813">
     <span class='ocr_line' id='line_1_30' title="bbox 110 2519 849 2586; baseline 0 -14"><span class='ocrx_word' id='word_1_202' title='bbox 110 2519 239 2572; x_wconf 86' lang='lat' dir='ltr'><strong>XXXIII.</strong></span> <span class='ocrx_word' id='word_1_203' title='bbox 259 2519 416 2572; x_wconf 88' lang='lat' dir='ltr'><strong>Parricidla</strong></span> <span class='ocrx_word' id='word_1_204' title='bbox 426 2526 454 2571; x_wconf 89' lang='lat' dir='ltr'><strong>et</strong></span> <span class='ocrx_word' id='word_1_205' title='bbox 464 2519 561 2572; x_wconf 87' lang='lat' dir='ltr'><strong>caedes</strong></span> <span class='ocrx_word' id='word_1_206' title='bbox 577 2535 594 2570; x_wconf 88' lang='lat' dir='ltr'><strong>a</strong></span> <span class='ocrx_word' id='word_1_207' title='bbox 605 2520 723 2572; x_wconf 87' lang='lat' dir='ltr'><strong>Claudio</strong></span> <span class='ocrx_word' id='word_1_208' title='bbox 734 2535 849 2586; x_wconf 79' lang='lat' dir='ltr'><strong>exorsus</strong></span> 
     </span>
     <span class='ocr_line' id='line_1_31' title="bbox 57 2595 850 2662; baseline -0.004 -13"><span class='ocrx_word' id='word_1_209' title='bbox 57 2600 106 2662; x_wconf 82' lang='lat' dir='ltr'><strong>est,</strong></span> <span class='ocrx_word' id='word_1_210' title='bbox 127 2596 207 2648; x_wconf 85' lang='lat' dir='ltr'><strong>cuius</strong></span> <span class='ocrx_word' id='word_1_211' title='bbox 224 2597 300 2648; x_wconf 88' lang='lat' dir='ltr'><strong>necis</strong></span> <span class='ocrx_word' id='word_1_212' title='bbox 319 2596 374 2647; x_wconf 88' lang='lat' dir='ltr'><strong>etsi</strong></span> <span class='ocrx_word' id='word_1_213' title='bbox 390 2611 446 2646; x_wconf 89' lang='lat' dir='ltr'><strong>non</strong></span> <span class='ocrx_word' id='word_1_214' title='bbox 466 2601 577 2659; x_wconf 87' lang='lat' dir='ltr'><strong>auctor,</strong></span> <span class='ocrx_word' id='word_1_215' title='bbox 593 2601 623 2646; x_wconf 91' lang='lat' dir='ltr'><strong>at</strong></span> <span class='ocrx_word' id='word_1_216' title='bbox 637 2596 763 2646; x_wconf 90' lang='lat' dir='ltr'><strong>conscius</strong></span> <span class='ocrx_word' id='word_1_217' title='bbox 777 2595 850 2658; x_wconf 83' lang='lat' dir='ltr'><strong>fuit3</strong></span> 
     </span>
     <span class='ocr_line' id='line_1_32' title="bbox 54 2669 850 2740; baseline -0.004 -16"><span class='ocrx_word' id='word_1_218' title='bbox 54 2687 142 2740; x_wconf 84' lang='lat' dir='ltr'><strong>neque</strong></span> <span class='ocrx_word' id='word_1_219' title='bbox 156 2671 375 2734; x_wconf 84' lang='lat' dir='ltr'><strong>dissimulanter,</strong></span> <span class='ocrx_word' id='word_1_220' title='bbox 390 2677 423 2721; x_wconf 90' lang='lat' dir='ltr'><strong>nt</strong></span> <span class='ocrx_word' id='word_1_221' title='bbox 433 2669 481 2737; x_wconf 92' lang='lat' dir='ltr'><strong>qui</strong></span> <span class='ocrx_word' id='word_1_222' title='bbox 494 2669 617 2733; x_wconf 86' lang='lat' dir='ltr'><strong>boletos,</strong></span> <span class='ocrx_word' id='word_1_223' title='bbox 628 2670 657 2719; x_wconf 89' lang='lat' dir='ltr'><strong>in</strong></span> <span class='ocrx_word' id='word_1_224' title='bbox 669 2684 722 2736; x_wconf 88' lang='lat' dir='ltr'><strong>quo</strong></span> <span class='ocrx_word' id='word_1_225' title='bbox 735 2671 791 2720; x_wconf 90' lang='lat' dir='ltr'><strong>cibi</strong></span> <span class='ocrx_word' id='word_1_226' title='bbox 804 2685 850 2738; x_wconf 81' lang='lat' dir='ltr'><strong>ge-</strong></span> 
     </span>
     <span class='ocr_line' id='line_1_33' title="bbox 53 2743 871 2813; baseline -0.007 -12"><span class='ocrx_word' id='word_1_227' title='bbox 53 2763 118 2801; x_wconf 80' lang='lat' dir='ltr'><strong>nere</strong></span> <span class='ocrx_word' id='word_1_228' title='bbox 137 2763 270 2800; x_wconf 86' lang='lat' dir='ltr'><strong>venenum</strong></span> <span class='ocrx_word' id='word_1_229' title='bbox 289 2747 315 2798; x_wconf 89' lang='lat' dir='ltr'><strong>is</strong></span> <span class='ocrx_word' id='word_1_230' title='bbox 335 2749 490 2813; x_wconf 87' lang='lat' dir='ltr'><strong>acceperat,</strong></span> <span class='ocrx_word' id='word_1_231' title='bbox 511 2743 592 2811; x_wconf 82' lang='lat' dir='ltr'><strong>quasi</strong></span> <span class='ocrx_word' id='word_1_232' title='bbox 611 2743 725 2796; x_wconf 89' lang='lat' dir='ltr'><strong>deorum</strong></span> <span class='ocrx_word' id='word_1_233' title='bbox 746 2745 849 2812; x_wconf 90' lang='lat' dir='ltr'><strong>cibum,</strong></span> <span class='ocrx_word' id='word_1_234' title='bbox 869 2763 871 2768; x_wconf 39' lang='lat' dir='ltr'><strong><em>s</em></strong></span> 
     </span>
    </p>

    <p class='ocr_par' dir='ltr' id='par_1_5' title="bbox 12 2815 848 2908">
     <span class='ocr_line' id='line_1_34' title="bbox 12 2815 848 2908; baseline 0 -33"><span class='ocrx_word' id='word_1_235' title='bbox 12 2815 14 2908; x_wconf 68' lang='lat'><strong>,</strong></span> <span class='ocrx_word' id='word_1_236' title='bbox 52 2821 171 2898; x_wconf 86' lang='lat' dir='ltr'><strong>posthac</strong></span> <span class='ocrx_word' id='word_1_237' title='bbox 194 2823 341 2892; x_wconf 87' lang='lat' dir='ltr'><strong>proverbio</strong></span> <span class='ocrx_word' id='word_1_238' title='bbox 363 2820 470 2874; x_wconf 82' lang='lat' dir='ltr'><strong>Graeco</strong></span> <span class='ocrx_word' id='word_1_239' title='bbox 497 2819 656 2874; x_wconf 87' lang='lat' dir='ltr'><strong>collaudare</strong></span> <span class='ocrx_word' id='word_1_240' title='bbox 680 2821 717 2873; x_wconf 88' lang='lat' dir='ltr'><strong>sit</strong></span> <span class='ocrx_word' id='word_1_241' title='bbox 740 2821 848 2875; x_wconf 86' lang='lat' dir='ltr'><strong>solitus.</strong></span> 
     </span>
    </p>
   </div>
   <div class='ocr_carea' id='block_1_3' title="bbox 0 0 1022 3022">
    <p class='ocr_par' dir='ltr' id='par_1_6' title="bbox 0 0 1022 3022">
     <span class='ocr_line' id='line_1_35' title="bbox 0 0 1022 3022; baseline 0 0"><span class='ocrx_word' id='word_1_242' title='bbox 0 0 1022 3022; x_wconf 95' lang='lat' dir='ltr'><strong> </strong></span> 
     </span>
    </p>
   </div>
  </div>
 </body>
</html>
