2026 3020
78 237 112 290 14
354 239 381 283 G.
406 235 597 283 SUETONll

79 363 255 417 Gladiatores
267 365 362 426 notos,
384 359 473 412 sicubi
491 359 598 411 infestis
614 358 816 428 spectatoribus
832 356 876 414 dl·

77 441 224 503 micarent,
245 439 274 488 vi
289 437 437 504 rapiendos
457 434 693 503 reseruandosque
712 437 874 490 mandabat.

77 517 196 566 'l‘irones
207 529 295 580 neque
306 513 334 562 in
345 511 410 562 ludo
422 526 510 578 neque
520 526 569 577 per
578 509 709 576 lanistas,
724 511 811 563 sedin
823 512 873 564 do-

77 591 167 644 mibus
178 605 227 656 per
237 588 343 654 equites
354 585 494 638 Romanos
509 591 591 653 atque
605 586 687 637 etiam
703 603 752 654 per
762 593 873 639 senato-

77 681 120 717 res
143 678 281 716 armorum
301 662 407 728 peritos
427 661 582 726 erudiebat,
608 663 735 728 precibus
756 663 873 726 enitenS,

80 739 154 808 quod
165 736 292 806 epistolis
302 737 361 787 eius
373 737 540 800 ostenditur,
551 742 582 787 nt
593 736 768 804 disciplinam
779 737 873 806 singu·
900 777 902 784 a

78 817 169 866 lorum
181 813 363 880 susciperent,
383 813 492 879 ipsique
508 811 613 862 dictata
624 813 813 864 exercentibus
825 812 874 863 da-

78 896 147 942 rent.
187 887 358 954 legionibus
374 887 539 954 stipendium
553 887 582 936 in
602 893 763 954 perpetuum
783 887 873 954 dupli-

79 965 160 1016 cavit.
199 963 390 1026 Frumentum,
406 963 515 1030 quoties
527 963 608 1029 copia
619 968 703 1025 esset,
719 963 802 1013 etiam
813 962 874 1014 sine

79 1039 163 1091 modo
184 1052 366 1106 mensuraque
385 1037 524 1104 praebuit3
555 1051 588 1087 ac
608 1035 718 1104 singula
736 1037 874 1088 interdum

33 1155 35 1160 .
80 1115 220 1181 mancipia
230 1129 263 1164 ex
274 1113 378 1180 praeda
388 1113 491 1163 viritim
503 1112 587 1163 dedit.

136 1187 249 1240 xxvii.
270 1188 312 1238 nd
326 1188 496 1238 retinendam
512 1191 603 1237 antem
618 1185 744 1253 Pompeii
758 1187 875 1259 necessi-

80 1265 202 1316 tudinem
218 1279 251 1312 an
265 1263 434 1313 volsustatem
451 1261 607 1325 Octaviam,
629 1263 734 1313 sororis
749 1275 815 1313 suae
829 1278 876 1312 ne-

81 1346 168 1408 ptem,
189 1353 259 1404 quae
271 1337 301 1386 G.
311 1335 446 1386 Marcello
460 1341 546 1402 nupta
561 1340 631 1401 erat,
654 1337 839 1390 conditionem
851 1337 879 1388 ei

83 1413 194 1476 detulit,
216 1412 324 1479 sibique
339 1411 424 1461 liliam
440 1412 499 1461 eius
513 1411 542 1461 in
559 1411 765 1464 matrimonium
786 1411 876 1479 petiit,

82 1490 187 1540 Fausto
213 1486 306 1538 Sullae
332 1486 507 1536 destinatam.
552 1486 684 1538 Omnibus
712 1503 777 1539 vero
804 1487 879 1538 circa

84 1581 158 1628 euni,
171 1569 252 1629 atque
263 1562 345 1614 etiam
357 1566 435 1628 parte
446 1576 546 1628 magna
557 1568 680 1626 senatus,
696 1563 817 1630 gratuito
830 1569 879 1614 aut

84 1640 138 1692 levi
158 1638 253 1691 fenore
275 1637 428 1701 obstrictis,
450 1651 482 1688 ex
502 1635 610 1705 reliquo
627 1654 735 1706 quoque
751 1638 878 1689 ordinum

84 1730 182 1782 genere
202 1713 246 1763 vel
265 1712 398 1764 invitatos
418 1711 463 1762 vel
482 1718 579 1779 sponte
599 1713 679 1764 adse
695 1723 880 1765 commeantes

85 1789 224 1840 uberrimo
237 1788 380 1854 congiario
391 1787 610 1854 prosequebatur
615 1804 624 1851 3
639 1788 755 1841 libertos
765 1789 879 1856 insuper

85 1864 264 1931 seruulosque
275 1863 420 1931 cuiusque,
436 1868 519 1930 prout
529 1861 641 1914 domino
653 1867 806 1930 patronave
816 1879 878 1932 gra-

84 1947 129 1990 tus
144 1939 206 2007 quis
221 1943 301 1990 esset.
340 1937 411 1988 Tum
426 1953 535 1989 reorum
550 1943 598 1988 aut
617 1938 812 1990 obaeratorum
833 1944 881 1990 aut

86 2015 219 2083 prodigae
230 2013 379 2065 iuventutis
390 2013 543 2064 subsidium
557 2013 669 2063 unicum
685 2029 718 2064 ac
732 2015 880 2081 promptis-

85 2092 184 2141 simum
195 2094 267 2151 erat3
286 2089 342 2138 nisi
357 2104 426 2154 quos
436 2087 550 2154 gravior
561 2088 705 2140 criminum
714 2089 758 2140 vel
767 2089 881 2155 inopiae

85 2164 245 2215 luxuriaeve
261 2164 302 2213 vis
316 2169 438 2228 urgeret,
461 2175 542 2229 quam
557 2167 588 2211 ut
606 2163 745 2214 subveniri
758 2170 853 2230 posset
864 2179 882 2213 a

87 2255 124 2290 se.
163 2237 216 2287 llis
230 2236 312 2303 plane
326 2237 418 2302 palam
433 2236 506 2287 bello
524 2236 599 2287 civili
611 2253 680 2305 opus
691 2254 750 2289 esse
761 2237 880 2290 dicebat.

141 2311 268 2363 XXVlll.
289 2310 347 2362 Neo
357 2311 463 2363 minore
474 2311 566 2362 studio
582 2327 659 2379 reges
675 2319 756 2381 atque
770 2313 882 2380 provin:

88 2389 146 2440 cias
157 2402 206 2454 per
215 2391 349 2437 terranem
362 2387 455 2438 orbem
468 2386 621 2452 alliciebat,
634 2387 698 2438 aliis
709 2389 882 2455 captivorum

88 2461 177 2513 millia
192 2462 265 2513 dono
282 2459 413 2525 offerens,
437 2462 500 2513 aliis
521 2463 590 2513 citra
605 2468 715 2514 senatus
731 2462 883 2530 populique

90 2535 295 2601 arietaritatem,
312 2552 367 2604 quo
378 2537 479 2588 vellent
490 2542 517 2588 ct
528 2539 636 2604 quoties
647 2538 759 2602 vellent,
776 2538 883 2588 arrnilia

89 2614 272 2677 summittens3
294 2627 428 2679 superque
443 2611 541 2663 ltaliae
557 2609 765 2680 Galliarumque
786 2617 813 2664 et
833 2611 883 2663 Hi-

89 2687 261 2752 spaniarum,
277 2689 359 2738 Asiae
374 2703 483 2754 quoqne
494 2693 521 2738 et
532 2686 666 2738 Graeciae
676 2689 884 2756 potentissimas

89 2762 171 2813 urbes
182 2763 339 2834 praecipuis
351 2765 480 2828 operibus
496 2778 645 2815 exornans:
666 2763 766 2827 donec,
783 2762 884 2815 attoni-
