2036 3022
170 232 220 288 236
448 234 476 280 G·
499 229 682 280 SUE'l’ONli

171 360 293 414 imbutus
308 364 335 412 et
348 360 467 423 musica,
482 358 576 409 statim
590 362 622 409 nt
630 355 775 426 imperium
785 352 915 422 adeptus
925 360 981 419 est,

172 437 310 506 Terpnum
322 434 524 500 citharoedum,
539 435 675 502 vigentem
685 437 750 483 tunc
760 436 877 500 praeter
890 431 978 493 alios,

173 511 317 574 accersiit3
338 511 488 577 diebusque
505 509 642 562 continuis
655 513 720 575 post
730 523 849 558 coenam
862 506 977 558 canenti
1002 543 1003 566 ,

170 589 199 638 in
213 587 326 638 multam
340 593 448 637 noctem
465 586 601 649 assidens,
617 583 762 652 paullatim
773 588 802 634 et
811 583 877 649 ipse
888 580 974 632 medi·

169 664 225 713 tari
235 661 408 729 exercerique
420 662 519 728 coepit,
524 675 613 728 neque
623 673 718 710 eorrrm
725 659 885 727 quicquam·
893 657 972 708 omit-

170 743 239 800 tere,
261 752 332 803 qnae
351 737 458 804 generis
479 737 537 787 eius
559 735 678 786 artifices
697 734 742 785 vel
762 732 972 785 conservandae

168 813 247 863 vocis
263 826 347 862 causa
360 811 404 863 vel
419 811 560 878 augendae
570 811 736 862 factitarent.
777 809 834 861 Sed
846 814 876 860 et
885 807 972 875 plum-

170 888 250 938 beam
262 885 385 938 chartam
399 888 512 954 supinus
528 892 639 953 pectore
650 885 798 948 sustinere,
812 890 841 935 et
851 883 972 950 clystere

171 963 330 1030 vomituque
345 963 470 1031 purgari,
482 967 510 1012 et
524 961 662 1013 abstinere
671 960 762 1028 pomis
774 959 904 1026 cibisque
915 958 970 1009 obi·
1002 1023 1003 1028 Ἰ

172 1039 319 1102 cientibus,
351 1038 438 1089 donec
466 1037 624 1088 blandiente
648 1035 775 1102 proiectu
799 1037 970 1102 (quanquam
1002 1033 1003 1040 ’

172 1113 288 1179 exiguae
298 1112 408 1164 vociset
417 1111 524 1176 flucae)
534 1111 648 1180 prodire
657 1112 686 1164 in
697 1124 808 1161 scenam
820 1109 969 1175 concupiit,

173 1188 288 1238 subinde
307 1188 379 1239 inter
399 1186 551 1238 familiares
573 1185 709 1238 Graecum
733 1184 913 1253 proverbium
932 1184 969 1232 ia-

174 1269 264 1325 ctans,
286 1265 404 1315 occultae
423 1261 538 1313 musicae
558 1263 656 1312 undum
670 1267 894 1328 esse'respeetum.
913 1325 917 1332 ι
938 1257 970 1306 Et

173 1338 279 1405 prodiit
298 1337 418 1406 Neapoli
437 1337 573 1404 primnm3
599 1353 632 1388 sc
650 1353 685 1388 ne
703 1351 840 1388 concusso
861 1333 969 1401 quidem

174 1416 285 1478 repente
304 1419 381 1463 motu
400 1420 490 1464 terrae
509 1410 618 1464 theatro
641 1418 704 1463 ante
720 1416 833 1462 cantare
853 1409 968 1469 destitit,

175 1502 257 1553 quam
271 1485 431 1538 inchoatum
447 1487 602 1539 absolveret
615 1483 707 1546 νόμον.
744 1485 852 1537 ibidem
863 1485 968 1552 saepius

176 1569 203 1613 et
212 1577 261 1628 per
272 1563 426 1629 complures
438 1563 560 1614 cantavit
570 1563 629 1614 dies
641 1580 647 1612 :
668 1566 777 1630 sumpto
788 1561 875 1612 etiarn
886 1560 922 1611 ad
932 1573 967 1609 re·

176 1636 320 1686 ficiendam
335 1653 430 1688 vocem
444 1637 522 1689 brevi
536 1645 673 1706 tempore,
688 1637 836 1704 impatiens
847 1635 967 1688 secretis

110 1713 111 1716 ’
174 1710 292 1760 balineis
306 1711 335 1762 in
348 1709 486 1764 theatrum
500 1713 624 1776 transiit,
636 1713 781 1781 mediaque
790 1712 821 1762 in
832 1709 967 1763 orchestra

174 1784 317 1853 frequente
328 1786 431 1855 populo
443 1788 579 1856 epulatur,
591 1787 739 1854 sipoullum
749 1786 912 1849 subdidisset,
924 1783 966 1835 oli-

176 1859 278 1926 quidm
294 1861 406 1933 sufferti
419 1862 590 1925 muniturum,
608 1861 715 1914 Graeco
731 1878 858 1915 sermone
872 1859 966 1930 promi-

175 1937 220 1986 sit.
261 1937 364 2004 Captus
380 1945 470 1989 autem
485 1938 636 1989 modulatis
650 1937 900 1990 Alexandrinorum
914 1937 965 1986 lau·

176 2011 348 2076 dationibus,
369 2014 418 2082 qui
438 2013 471 2064 de
491 2028 564 2064 novo
586 2019 740 2065 commeatu
754 2012 895 2080 Neapolin
909 2025 965 2062 con·

175 2085 322 2151 fluxerant,
343 2089 434 2155 plures
454 2087 622 2140 Alexandria
641 2089 775 2140 evocavit.
824 2087 918 2156 Neque
936 2100 964 2136 eo

176 2162 287 2227 segnius
308 2162 496 2215 adolescentes
516 2164 651 2230 equestris
673 2162 778 2214 ordinis
802 2169 832 2213 et
854 2162 966 2230 quinque

177 2235 295 2303 amplius
309 2237 398 2288 millia
413 2255 427 2289 e
441 2238 520 2306 plebe
531 2238 741 2289 robustissimae
758 2238 910 2288 iuventutis
923 2251 964 2286 un·
1002 2277 1003 2284 ,

177 2310 259 2377 dique
269 2311 360 2378 elegit,
372 2314 421 2382 qui
431 2312 514 2378 divisi
523 2313 552 2362 in
562 2311 707 2377 sactiones,
717 2313 865 2379 plausuum
874 2327 965 2381 genera

178 2386 375 2451 condiscerent,
388 2387 503 2451 (bombos
518 2393 545 2438 et
553 2387 674 2440 imbrices
685 2393 712 2440 et
723 2395 803 2439 testae
813 2389 963 2450 vocabant),

178 2476 345 2530 operamque
359 2469 492 2514 navarent
507 2463 630 2514 cantanti
639 2463 707 2527 sibi,
718 2462 843 2530 insignes
853 2463 963 2531 pinguis-

177 2537 248 2586 sima
262 2553 342 2589 coma
356 2543 384 2589 et
397 2537 626 2590 excellentissimo
642 2539 718 2589 cultu
731 2538 824 2604 pueri,
846 2555 896 2590 nec
913 2538 961 2588 sine

179 2612 280 2664 annulo
290 2612 390 2665 laevis:
408 2627 523 2681 quorum
535 2613 617 2665 duces
629 2614 806 2683 quadragena
818 2613 905 2666 millia
914 2611 960 2664 HS.

178 2687 328 2738 merebant.
1002 2699 1003 2712 ¹

215 2759 291 2813 XXI.
312 2761 401 2822 anrm
412 2764 505 2830 magni
516 2765 675 2818 aestimaret
686 2769 810 2830 cantare,
826 2765 908 2818 etiam
917 2764 960 2818 uo
