2044 3028
307 224 627 300 wrn'rununrn.
812 254 860 305 aas

54 379 228 450 exprimeret
238 377 266 429 in
278 356 528 445 scriptiscgrcssus
538 380 633 430 urbem
645 387 694 445 est,
706 397 793 451 neque
805 397 860 432 am-

54 459 136 527 plius
147 454 238 506 rcdiit.
278 452 320 503 De
330 460 418 504 morte
429 455 487 504 cius
497 453 642 506 Volcatius
652 456 739 508 tradit
749 476 755 507 :

101 530 157 582 Sed
165 539 196 581 ut
205 528 273 600 Afer
283 543 327 579 sex
334 530 429 595 populo
440 529 523 581 ididit
531 530 684 594 ccmoe'dc'nc,

97 605 158 658 lter
168 604 230 656 ltine
241 603 269 654 in
280 603 454 674 Arinmsicit.
486 604 580 657 Nncr'm
592 607 671 672 quim
681 609 760 658 semel
782 625 784 630 ’

99 679 265 741 Conscendit,
277 679 346 730 risus
357 679 498 745 numquam
509 689 567 733 ert.-
586 681 624 734 ric
633 681 687 734 citri
699 691 783 734 vacat.

117 756 153 807 V.
167 757 196 806 C.
209 756 361 807 Cosconius
375 755 530 807 redeuntem
546 773 561 808 e
573 757 691 810 Graecia
707 759 820 827 periisse
830 762 860 813 in

57 833 133 886 mari
148 832 215 882 dicit
230 847 290 882 curn
306 837 412 881 centum
429 837 456 881 et
470 837 533 882 octo
548 833 663 897 fabulis,
686 837 824 887 conversis
844 853 859 888 c

57 906 225 961 Menandro.
267 906 357 957 Ceteri
367 913 502 957 mortuum
515 924 573 959 csse
583 910 612 958 in
623 910 757 962 Arcadiae
769 913 858 979 Stym-

58 983 160 1051 phala,
178 982 234 1032 sive
251 980 405 1046 leucadia,
420 982 545 1046 tradunt,
562 983 609 1033 Cn.
627 985 756 1036 Cornelio
775 987 858 1038 Dola-

58 1058 149 1122 bella,
170 1057 209 1107 M.
223 1056 322 1107 Fulvio
340 1057 497 1121 Nobiliore,
520 1058 607 1122 Coss,
629 1061 726 1112 morbo
742 1061 858 1129 implici-

58 1141 118 1186 tum
150 1132 220 1195 acri,
247 1132 344 1182 dolore
374 1148 407 1183 ac
430 1134 523 1185 taedio
551 1136 711 1186 amissarum
738 1140 858 1188 sarcina·

58 1225 119 1261 rurn
126 1246 134 1273 ,
146 1222 215 1275 quas
228 1208 258 1257 in
271 1207 337 1258 navi
350 1210 541 1275 praemiserat,
554 1225 586 1260 ac
597 1211 678 1261 simul
692 1211 857 1278 fabularum,

59 1299 130 1352 quas
141 1297 228 1334 novas
238 1280 349 1334 fecerat.
380 1283 477 1335 Fuisse
488 1285 589 1336 dicitur
600 1286 732 1338 mediocri
742 1297 856 1352 statiua,

58 1358 160 1428 gracili
172 1373 301 1424 corpore,
314 1358 407 1409 colore
418 1358 505 1410 fusco.
545 1360 667 1427 Reliquit
677 1363 775 1428 liliam,
788 1381 857 1432 quac

58 1439 125 1503 post
145 1434 232 1502 equiti
251 1433 375 1484 Romano
396 1435 506 1502 nupsit:
531 1435 596 1486 item
615 1434 741 1489 hortulos
760 1441 858 1507 viginti

58 1513 199 1577 iugerum,
215 1509 243 1558 in
254 1509 299 1559 via
309 1508 410 1578 Appia,
427 1510 461 1560 ad
471 1510 571 1562 Martis
580 1511 684 1563 villam.
725 1514 787 1575 Quo
802 1533 857 1566 nra-

58 1587 103 1656 gis
113 1585 200 1636 miror
210 1582 337 1634 Porcium
350 1587 468 1638 scribere
479 1604 486 1636 ε

99 1698 106 1711 .
148 1697 154 1710 .
191 1657 201 1709 ἶ
235 1665 237 1670 “
242 1697 485 1710 ......
525 1662 564 1714 ηἰὶ
572 1661 681 1715 Publius

98 1733 189 1802 Scipio
198 1733 239 1786 illi
243 1733 358 1806 proflat,
370 1734 410 1786 nil
417 1735 531 1799 Laetius,
543 1737 582 1789 m'l
590 1739 697 1802 Fdrr'us,

102 1809 168 1862 Tris
174 1826 224 1878 per
233 1809 263 1860 id
272 1809 371 1878 templis
382 1811 428 1878 qni
437 1811 579 1880 agitabant
588 1813 684 1864 nobiles
688 1814 828 1885 facillume
840 1837 848 1868 :
883 1819 886 1825 “

97 1883 202 1939 Eorum
212 1884 254 1937 ille
264 1901 343 1953 opera
353 1886 386 1938 ne‘
395 1887 497 1938 doraum
508 1887 610 1953 quidem
620 1887 715 1941 locuit
723 1892 857 1943 conducti·

555 1963 639 2014 narn:

99 2036 199 2090 sulcem
208 2045 239 2089 ul
249 2045 322 2100 erret,
334 2037 386 2104 qud
395 2037 511 2110 referret
519 2038 618 2090 «iditum
628 2039 727 2092 domini
735 2040 856 2094 rivolus.

116 2113 200 2165 Hunc
208 2113 336 2164 Afranius
348 2114 457 2181 quidem
469 2115 597 2166 omnibus
605 2117 717 2168 comicis
727 2118 856 2184 praefert,

61 2190 184 2242 scribens
194 2189 223 2239 in
235 2189 434 2258 Compitalibus
446 2209 452 2240 :
735 2249 738 2256 ,

103 2263 228 2316 Τενέπΐὶο
239 2280 290 2315 non
300 2263 409 2316 similem
419 2265 488 2317 dicer
498 2265 651 2334 quinrpicm.

60 2340 207 2392 Volcatius
219 2345 309 2391 antem
319 2356 375 2393 non
386 2341 475 2392 solum
486 2342 591 2394 Naevio
604 2350 631 2395 ct
640 2343 741 2396 Plauto
753 2353 780 2398 ct
791 2346 857 2398 Cac-

61 2416 142 2480 cilio‚
158 2415 205 2467 scd
220 2414 330 2467 Licinio
346 2431 455 2485 quoque
470 2423 497 2469 ct
510 2418 606 2471 Attilio
621 2422 773 2489 postponit.
814 2423 857 2472 ei-

61 2507 124 2543 cero
136 2491 165 2542 in
176 2488 292 2542 Limone
302 2489 433 2542 hactenus
443 2491 540 2545 laudat
550 2513 556 2544 :

104 2563 146 2617 lu
156 2581 265 2633 quoque,
277 2566 324 2633 qui
332 2568 400 2618 solur
409 2567 473 2618 lecto
484 2584 608 2632 sermone,
623 2568 739 2635 Terenti,

98 2639 258 2713 ¹(Jornnrrrnn
268 2657 465 2710 expressumque
474 2641 575 2696 Latina
584 2661 644 2697 voce
654 2643 829 2699 Menandrum

99 2715 134 2770 In
144 2715 326 2784 mediopopnlr'
333 2717 429 2768 sedans
439 2718 542 2770 coridon
553 2718 640 2788 effers,

103 2791 236 2860 Quicquid
245 2809 315 2845 come
325 2795 437 2860 loquens,
449 2803 528 2860 atque
538 2795 625 2848 orinia
635 2797 722 2852 dulcia
732 2799 827 2852 dicem.
