2050 3034
206 222 207 229 ’
279 245 482 296 caurcuca.
519 243 696 297 clun-a
837 243 886 301 lte

89 368 161 426 enim
172 373 390 426 necessitudines
400 375 543 443 reliquas)
556 375 603 425 diu
614 381 770 439 mrnctatus,
787 391 822 426 au
833 378 888 430 sibi

87 465 275 501 successorem
287 450 445 514 destinaret,
452 449 640 517 adoptandum
645 449 758 501 Tiberio
769 449 885 502 dederit:

87 525 129 576 sic
138 525 224 592 vulgo
235 525 407 589 favorabilis,
419 531 451 576 nt
460 526 573 591 plurimi
582 524 703 588 tradant,
717 526 824 592 quoties
836 527 885 576 ali-

87 615 142 666 quo
155 599 306 665 adveniret,
317 601 360 652 vel
371 600 483 652 sicunde
495 601 659 664 discederet,
670 616 739 668 prae
747 602 829 653 turba
840 617 885 653 oc·

86 675 254 742 canentium
269 675 525 744 prosequentiumue
539 691 735 744 nonnunquam
754 692 815 727 eum
829 676 884 728 dis-

86 750 189 816 crimen
199 751 274 801 vitae
285 750 400 813 adiisse3
412 766 426 801 e
438 749 586 802 Germania
595 767 660 803 vero
672 757 736 820 post
747 767 882 820 compres-

86 840 145 876 sam
157 825 321 877 seditionem
332 827 479 877 revertenti
489 826 678 893 praetorianas
690 825 882 879 cohortesuni-

85 914 180 951 versas
190 900 329 968 prodiisse
341 900 449 952 obviam
455 939 463 967 ,
485 902 608 968 quamvis
619 903 830 967 pronunciatum
841 919 882 954 es-

86 979 139 1039 set,
153 981 187 1026 ut
196 975 268 1027 duae
278 976 468 1027 tannammodo
481 976 598 1038 exirent3
619 976 716 1043 populi
726 984 817 1028 autem
828 978 881 1029 Ro-

84 1051 160 1104 mani
170 1065 280 1114 sexum,
297 1056 426 1116 aetatem,
443 1051 567 1102 ordinem
583 1065 690 1101 omnem
699 1064 786 1118 usque
798 1052 833 1102 ad
843 1054 882 1102 vi-

85 1126 216 1177 cesimum
227 1125 346 1194 lapidem
357 1125 487 1178 effudisse
497 1141 536 1176 se.

138 1200 173 1252 V.
195 1201 301 1253 Tamen
312 1201 392 1268 longe
403 1202 510 1253 maiora
521 1207 548 1252 et
556 1199 678 1251 firmiora
689 1199 723 1252 de
733 1217 766 1252 eo
778 1200 882 1252 iudicia

84 1277 112 1328 in
122 1282 213 1328 morte
229 1292 262 1327 uc
276 1283 340 1344 post
355 1284 469 1328 mortem
484 1277 623 1327 exstitere.
663 1275 724 1336 Quo
737 1276 880 1328 defunctus

84 1357 126 1402 est
136 1352 190 1416 die,
202 1351 328 1418 lapidata
338 1357 401 1402 suut
410 1353 525 1419 templa,
547 1350 694 1402 subversae
704 1349 794 1402 Derim
806 1367 879 1416 arae,

83 1424 171 1477 Lares
187 1441 205 1477 a
220 1427 383 1493 quibusdam
398 1426 549 1477 familiares
568 1427 597 1476 in
614 1425 753 1493 publicum
769 1427 879 1492 abiecti,

84 1507 183 1566 partus
194 1501 341 1568 coniugum
352 1501 479 1570 expositi.
514 1501 587 1562 Quin
599 1509 626 1552 et
635 1501 769 1552 barbaros
780 1501 879 1566 ferunt,

84 1576 186 1643 quibus
204 1576 376 1640 intestinum,
397 1576 551 1646 quibusque
566 1576 697 1626 adversus
711 1592 763 1626 nos
776 1577 879 1627 bellum

83 1656 169 1714 esset,
189 1650 302 1702 velutin
313 1651 464 1704 domestico
476 1651 666 1718 communique
680 1665 805 1702 maerore
816 1667 879 1701 con-

83 1725 203 1777 sensisse
219 1724 254 1776 ad
266 1724 405 1776 inducias:
426 1723 536 1794 regulos
552 1725 686 1794 quosdam
700 1726 815 1777 barbam
830 1743 878 1793 po-

83 1802 182 1864 suisse,
193 1805 221 1851 et
229 1815 346 1851 uxonrm
359 1802 451 1869 capita
460 1802 570 1864 rasisse,
578 1800 613 1852 ad
623 1800 755 1852 indicium
766 1802 880 1852 maximi
931 1807 943 1828 ·

83 1875 186 1928 luctus=
208 1890 302 1942 regum
314 1877 396 1928 etiam
407 1891 498 1944 regem
510 1880 538 1926 et
551 1875 748 1925 exercitatione
762 1875 880 1926 venandi

83 1959 110 2002 et
121 1951 252 2001 convictu
261 1951 445 2018 Megistanum
458 1949 631 2012 abstinuisse,
643 1949 718 2015 quod
729 1948 802 2014 apud
813 1947 879 1998 Par-

0 2047 1 2100 ]
82 2024 146 2078 thos
157 2025 260 2076 iustitii
270 2026 358 2078 instar
368 2032 418 2078 est.

137 2099 187 2152 vl.
208 2101 313 2153 Romae
323 2103 441 2170 quidem,
454 2117 536 2171 quum
548 2099 583 2150 ad
593 2099 710 2167 primam
720 2097 823 2148 famam
832 2113 879 2149 va-

82 2174 215 2226 letudinis
227 2178 345 2228 attonita
356 2183 384 2229 et
391 2183 497 2229 maesta
508 2176 605 2227 civitas
615 2179 758 2241 sequentes
763 2175 879 2226 nuncios

84 2251 271 2319 opperiretur,
293 2259 319 2303 ot
330 2258 439 2319 repente
450 2253 505 2302 iam
520 2251 627 2318 vesperi
637 2249 749 2302 incertis
760 2253 879 2302 anctori-

83 2325 134 2381 bus
145 2327 319 2378 convaluisse
329 2327 439 2378 tandem
453 2326 679 2393 percrebruisset,
700 2326 804 2393 passim
819 2331 879 2376 cum

82 2401 233 2463 luminibus
249 2408 276 2452 et
288 2393 408 2454 victimis
426 2401 455 2452 in
471 2401 638 2469 Capitolium
653 2415 814 2450 concursum
830 2405 879 2460 est,

84 2491 116 2528 ac
130 2491 219 2546 paene
234 2477 358 2529 revulsae
377 2476 473 2543 templi
486 2475 572 2539 fores,
592 2491 626 2526 ne
647 2473 713 2540 quid
732 2473 880 2540 gestientes

83 2559 149 2605 vota
162 2551 278 2604 reddere
297 2557 479 2606 morarentur.
517 2547 733 2616 Expergefactus
753 2561 879 2598 esomno

83 2627 214 2680 Tiberius
234 2633 276 2680 est
292 2627 489 2696 gratulantium
507 2625 636 2686 vocibus,
658 2627 740 2687 atque
758 2620 881 2688 undique

85 2701 296 2768 concinentium,

121 2777 202 2830 Silvo
213 2775 307 2845 Runa,
319 2777 391 2832 solon
396 2773 499 2846 patrio,
510 2772 596 2825 adletas
607 2776 646 2821 est
657 2766 846 2824 Germdoicus,
