2050 3034
243 251 498 320 ocrsvrsnus.
535 254 748 301 anaor-sc.
844 255 895 305 νον

89 376 213 442 denique
226 389 325 442 genere
345 373 495 428 hilaritatis
516 376 659 426 abstinuit.
697 377 826 430 Vicinam
842 381 893 432 Ca-

87 451 165 518 preis
175 449 296 500 insulam
304 443 504 516 ’Λπρονόπολιν
514 450 685 518 appellabat,
701 467 718 502 a
734 452 842 504 desidia
853 471 893 506 se-

87 524 248 576 cedentium
257 523 325 576 illuc
335 541 350 576 e
360 525 495 577 comitatu
505 539 570 576 suo:
582 525 631 576 sed
641 539 675 577 ex
684 525 793 578 dilectis
798 543 891 594 unum,

84 599 255 666 Masgaban
265 600 384 663 nomine,
392 601 473 668 quasi
483 599 655 652 conditorem
662 601 780 667 insulae,
788 599 893 667 κτίστην

84 688 191 726 vocare
203 681 391 726 consueverat.
431 673 522 726 Huius
532 675 699 742 Masgabae,
716 681 780 729 ante
791 692 892 730 annmn

84 747 226 811 defuncti,
246 749 383 800 tumulum
399 764 483 816 quum
494 750 639 801 etriclinio
652 751 894 805 animadvertisset

84 837 191 890 magna
200 823 284 874 turba
297 823 448 892 multisque
462 824 612 876 luminibus
626 823 810 894 frequentari,
831 843 891 880 ver-

85 913 149 948 sum
161 898 348 966 compositum
359 913 393 950 ex
402 904 526 965 tempore
537 899 611 949 clarc
621 903 828 967 pronunciavit:

199 976 319 1028 Κτὶστου
329 977 357 1028 δὲ
366 975 467 1041 τύμβον
476 975 564 1044 εἰςορῶ
576 977 749 1045 πυρούμενον.

86 1055 300 1124 Conversusque
311 1053 347 1104 ad
357 1053 546 1120 Thrasyllum,
557 1053 666 1104 Tiberii
677 1056 813 1119 comitem,
826 1072 890 1108 con·

85 1136 129 1180 tra
141 1129 322 1180 accubantem
333 1134 361 1179 et
370 1129 498 1196 ignarum
508 1128 562 1190 rei,
583 1129 778 1196 interrogavit,
800 1131 889 1182 muns·

83 1219 150 1254 nam
170 1207 272 1271 poetae
292 1208 402 1270 putaret
422 1218 494 1254 esse:
521 1217 575 1270 quo
597 1201 751 1268 haesitante
772 1205 891 1256 subiecit

84 1278 185 1329 aliurn:

196 1347 273 1417 Ὁρᾷς
286 1347 376 1407 molseon
385 1347 538 1414 Μαονάβοιν
548 1347 704 1411 τιμώμενονς

86 1441 119 1480 ac
141 1427 176 1479 de
195 1425 251 1477 hoc
265 1440 375 1494 quoquc
386 1426 534 1497 consuluit.
575 1426 664 1487 Quum
675 1426 723 1479 illc
732 1425 803 1478 nihil
813 1427 889 1481 aliud

85 1493 280 1570 responderet,
293 1516 374 1568 quarn
381 1538 389 1565 ‚
405 1503 591 1570 cuiuscunque
602 1507 704 1567 essent,
717 1503 837 1572 optimos
849 1521 890 1556 es-

85 1592 133 1639 se,
157 1573 317 1626 cachinnum
331 1575 455 1641 sustulit,
478 1582 560 1644 atque
574 1577 604 1626 in
617 1578 697 1628 iocos
713 1575 818 1628 effusus
839 1585 889 1629 est.

84 1650 159 1701 Mox
173 1648 320 1717 Neapolim
334 1651 458 1715 nmecit,
480 1667 638 1720 quanquam
654 1657 682 1703 et
695 1657 753 1702 turn
773 1651 890 1702 infirmis

84 1725 241 1789 intestinis,
262 1725 512 1776 morbovariante:
536 1732 629 1778 tamen
644 1732 672 1778 et
687 1726 889 1794 quinquennale

87 1807 228 1852 certamen
237 1801 409 1867 gymnicum,
420 1798 522 1851 honori
531 1815 582 1852 suo
592 1801 763 1865 institutum,
778 1816 889 1870 perspe-

87 1876 187 1939 ctavit,
209 1880 309 1926 etcum
319 1875 434 1925 Tiberio
446 1873 482 1924 ad
493 1873 658 1926 destinatum
674 1875 766 1926 locum
779 1881 890 1926 conten-

87 1950 137 2002 dit.
173 1949 229 2002 Sed
239 1940 267 2000 in'
279 1947 428 2011 redeundo,
441 1954 592 2015 aggravata
601 1948 767 2012 valetudine,
779 1947 889 1999 tandem

86 2023 181 2076 Nolae
191 2025 349 2086 succubuit;
370 2029 583 2092 revocatamque
594 2035 628 2073 ex
638 2023 736 2074 itinere
746 2022 890 2073 Tiberium

88 2099 138 2150 diu
148 2105 257 2152 secreto
268 2113 394 2150 sermone
405 2097 535 2161 detinuit,
556 2111 644 2164 neque
654 2103 719 2166 post
727 2096 780 2147 ulli
789 2095 891 2147 maiori

87 2174 203 2242 negotio
216 2174 337 2224 animum
349 2172 576 2224 accommodavit.

147 2248 248 2299 XCIX.
274 2245 408 2315 Supremo
435 2247 479 2298 die
498 2247 648 2299 identidem
670 2247 829 2317 exquirens,
856 2263 892 2297 an

87 2324 146 2374 iam
157 2323 192 2375 de
203 2320 459 2374 setnmultnsscris
469 2327 553 2386 esset,
574 2323 661 2389 petito
677 2323 790 2391 speculo
807 2321 892 2388 capll-
918 2329 922 2338 ’

88 2398 147 2448 lum
164 2398 220 2448 sibi
236 2398 310 2449 comi
325 2412 358 2448 ac
371 2396 460 2447 malas
476 2395 599 2448 labentes
620 2398 723 2465 corrigi
742 2394 892 2465 praecepit.

89 2472 126 2524 ut
137 2472 278 2524 admissos
294 2472 398 2523 amicos
413 2477 618 2538 percunctatus,
640 2471 734 2538 ecquid
745 2468 780 2520 iis
793 2466 892 2520 cidere-

90 2545 257 2599 termimum
266 2546 336 2598 citae
347 2545 478 2598 commode
488 2546 655 2614 transegisse,
668 2544 771 2596 adiecit
780 2547 808 2594 et
819 2540 893 2592 clau·
931 2559 933 2564 ·

89 2621 196 2674 mam·
254 2720 289 2732 -
298 2721 330 2732 -
341 2691 373 2743 Εἰ
383 2691 411 2744 δὲ
420 2693 476 2742 πᾶν
485 2691 537 2753 ἔχεν
547 2691 637 2748 καλῶς,
647 2691 683 2754 τῷ
694 2685 806 2750 παιγνὶῳ

125 2768 195 2819 Δότε
206 2766 311 2836 κρότον,
323 2769 365 2818 καὶ
375 2766 472 2825 πάντες
482 2761 554 2826 ὑμεῖς
563 2761 629 2825 μετὰ
638 2766 722 2832 χαρᾶς
734 2757 892 2827 ντυπήσατε.
