2036 3022
293 114 297 137 1

291 237 506 288 VITELLIUS.
542 242 720 288 CAP.4-8.
815 258 817 261 ’
853 241 903 296 291

103 360 210 430 fragio,
221 366 287 412 tunc
296 364 488 428 potentissimi,
498 371 526 418 et
536 365 581 416 cui
590 366 645 416 iam
656 366 761 432 pridem
771 383 820 434 pet
830 384 903 420 com-

104 453 217 489 munem
231 435 361 490 factionis
371 438 492 491 Venetae
504 438 626 492 favorem
638 441 802 504 conciliatus
813 449 901 495 esset:

106 513 163 563 nisi
178 512 254 579 quod
265 511 355 564 Galba
368 530 434 582 prae
448 531 477 566 se
488 514 564 578 tulit,
580 514 672 567 nullos
682 517 772 567 minus
783 523 902 569 metuen-

105 587 168 651 dos,
175 603 257 655 quam
269 588 317 656 qui
327 588 360 640 de
370 589 431 640 solo
442 591 518 641 victu
528 591 689 657 cogitarent,
702 608 735 642 ac
745 607 827 659 posse
837 608 900 659 pro·

104 661 273 713 vineialibus
285 665 372 729 copiis
383 663 548 730 profundam
558 667 617 717 eius
629 665 733 733 expleri
743 667 836 734 gulam
848 686 854 716 :
870 675 902 718 ut

106 737 195 788 cuivis
206 737 317 789 evidens
337 740 386 803 sit,
408 746 566 806 contemptu
584 742 686 808 magis,
708 758 789 810 quam
809 743 901 809 gratia

105 811 232 863 electum.
272 811 346 864 Satis
361 820 480 876 constat,
498 815 605 866 exituro
620 816 751 867 viaticum
767 817 899 882 defuisse,

103 892 185 937 tauta
205 893 324 954 egestate
344 887 385 938 rei
404 886 563 952 familiaris,
589 895 620 939 ut
638 906 725 942 uxore
745 899 772 942 00
790 891 899 956 liberis,

105 977 178 1030 quos
192 961 296 1014 Romae
304 963 495 1031 relinquebat,
515 963 658 1014 meritorio
680 967 899 1017 000000010οὺ-

105 1037 186 1100 ditis,
207 1037 318 1089 domum
336 1039 366 1088 in
384 1037 519 1106 reliquam
539 1045 645 1105 partem
660 1040 726 1089 anni
740 1039 900 1103 ablocaret,

104 1119 190 1180 utque
201 1127 234 1164 ex
245 1129 310 1164 aure
325 1113 421 1164 matris
432 1112 584 1164 detractum
598 1113 727 1165 unionem
742 1114 901 1182 pignerave-

103 1189 142 1238 rit
158 1187 194 1238 ad
208 1187 316 1238 itineris
330 1188 476 1253 impensas.
517 1186 690 1239 Creditorum
702 1190 810 1256 quidem
822 1206 900 1257 prae-

104 1261 268 1314 stolantium
284 1279 316 1313 00
331 1263 510 1314 detinentium
525 1263 647 1326 turbam,
659 1262 778 1327 00101110
790 1264 901 1316 Sinues-

104 1352 189 1388 sanos
200 1337 222 1386 F
225 1338 431 1406 ormianosque,
448 1353 563 1405 quorum
575 1337 688 1405 publica
697 1338 845 1406 vectigalia
858 1329 902 1390 1οᾸ

103 1418 279 1474 terrenterat,
308 1428 365 1463 non
387 1413 443 1462 nisi
462 1419 572 1466 ,terrore
598 1413 751 1465 calumniae
776 1415 898 1476 amovit3

38 1512 43 1518 ·
104 1503 189 1554 quum
199 1486 328 1540 libertino
341 1487 459 1552 cuidam,
465 1487 590 1538 acerbius
602 1488 723 1540 debitum
733 1490 898 1554 reposcenti,

101 1561 269 1613 iniuriarum
288 1560 444 1627 formulam,
460 1563 540 1630 quasi
555 1564 629 1614 00100
645 1564 679 1613 ab
695 1579 728 1616 eo
743 1579 898 1630 percussus,

102 1637 280 1700 intendisset,
300 1654 351 1688 nec
370 1637 450 1688 aliter
471 1653 552 1705 quam
566 1639 682 1690 extortis
698 1639 899 1708 quinquaginta

101 1712 238 1764 sestertiis
258 1712 416 1764 remisisset.
454 1712 648 1765 Aduenientem
668 1712 739 1765 male
761 1715 898 1766 animatus

101 1803 170 1854 erga
187 1787 339 1854 principem
353 1787 501 1850 exereitus,
520 1802 677 1856 pronusque
693 1788 786 1839 adres
800 1805 897 1854 novas,

50 1868 57 1896 '·
100 1861 192 1913 libens
208 1877 241 1912 00
254 1861 360 1928 supinis
374 1861 500 1913 manibus
515 1863 634 1928 excepit,
646 1862 721 1913 velut
731 1863 804 1914 dono
817 1863 904 1915 (10100

102 1936 228 1988 oblatrnn
239 1943 280 1987 ter
291 1936 412 1988 consulis
423 1935 522 1999 filium,
539 1943 629 1986 aetate
639 1936 760 2002 integra,
771 1935 850 1988 facili
865 1953 898 1988 ae

99 2011 221 2081 prodigo
234 2011 336 2062 auimo.
377 2011 465 2073 Quam
475 2017 594 2062 veterem
606 2010 638 2061 de
650 2026 678 2060 se
688 2011 897 2075 persuasionem

100 2085 231 2138 Vitellius
241 2086 395 2138 recentibus
406 2087 488 2137 etiam
499 2085 691 2152 experimentis
702 2091 825 2150 auxerat,
837 2092 898 2137 0000

98 2164 147 2213 010
159 2161 341 2228 caligatorum
356 2177 465 2228 quoque
479 2160 597 2212 militum
614 2160 712 2212 obvios
723 2161 896 2224 exosculans,

98 2252 204 2305 perque
219 2235 328 2286 stabula
343 2241 370 2286 00
384 2235 537 2296 diversoria
550 2235 719 2287 mulionibus
735 2252 767 2287 ac
781 2237 895 2288 viatori-

98 2315 155 2363 bus
162 2318 271 2380 praeter
281 2309 392 2362 modum
404 2311 489 2364 comis
501 2327 508 2373 ;
527 2316 558 2362 ut
568 2327 647 2364 mane
657 2310 794 2378 singulos,
805 2312 896 2362 iamne

98 2389 259 2450 ientassent,
271 2386 469 2439 sciscitaretur.
481 2402 563 2454 seque
573 2385 684 2450 fecisse,
695 2392 775 2436 ructu
786 2401 895 2454 quoque

100 2461 266 2514 ostenderet.
707 2520 709 2525 ,

155 2535 229 2600 vill.
251 2536 349 2587 Castra
368 2550 433 2588 vero
448 2536 587 2602 ingressus
608 2535 677 2586 nihil
698 2535 826 2603 cuiquam
845 2553 894 2604 po-

98 2613 188 2664 scenti
201 2611 329 2678 000001ος
351 2617 431 2678 atque
446 2610 519 2661 ultro
530 2610 724 2677 ignominiosis
733 2616 828 2675 notas,
839 2613 893 2664 reis

99 2687 205 2750 sordes,
218 2686 355 2737 damnatis
366 2685 503 2755 supplicia
514 2685 639 2752 dempsit.
680 2685 772 2746 Quare
782 2685 891 2740 vixdum

97 2779 190 2816 mense
201 2768 357 2829 00000000,
372 2777 459 2837 00000
475 2761 531 2814 (1101
544 2776 631 2828 neque
644 2761 777 2830 temporis
797 2759 892 2820 habita

588 2850 686 2902 ·r2
1014 2907 1015 2918 ,
