2026 3020
220 233 352 285 marus
377 235 531 284 classa.
567 238 645 284 one.
665 239 780 285 rs-tt.
868 234 901 288 39

95 385 154 438 que
166 369 274 432 eins,nt
283 369 310 415 et
321 361 422 413 abusus
434 361 622 414 dominatione
633 363 730 414 otiare
740 379 835 415 caesus
844 365 901 414 eni-¹

95 447 241 508 stimetur.
279 439 341 490 Non
356 438 429 488 enim
443 435 562 491 honores
576 437 661 489 medo
675 437 778 488 nunios
788 439 900 506 recepit,

94 527 131 570 ut
154 519 315 570 continurun
336 511 522 577 consulatum,
543 518 704 579 perpetuam
725 513 900 577 dictaturam,

98 593 361 662 praefecturamque
376 603 495 650 morum,
516 588 629 653 insuper
638 603 805 654 praenomen
816 589 900 654 impc-

99 670 221 732 ratoris,
244 677 396 732 cognomen
406 663 493 729 patris
504 663 624 728 patriae,
646 668 766 713 statuam
777 664 901 714 interre-

99 761 163 812 ges,
180 747 340 810 suggestum
354 740 383 788 in
399 735 552 799 orchestra;
573 737 621 788 sed
632 743 659 789 et
670 738 807 804 ampliora
818 738 902 788 etiam

99 819 224 871 huniano
239 815 354 882 fastigio
370 812 481 863 decerni
494 812 549 862 sibi
563 827 661 878 passus
676 818 729 877 est,
750 813 843 864 sedem
854 827 901 862 au-

99 909 179 946 ream
194 894 224 942 in
239 891 317 942 cirria
331 895 359 940 et
372 903 422 956 pro
437 887 584 950 tribunali,
604 892 710 938 tensam
725 895 753 938 et
766 887 902 938 ferculum

100 968 228 1020 circensi
239 979 353 1034 pompa,
364 961 478 1028 templa,
491 976 567 1024 aras,
578 962 726 1012 simulacra
736 964 814 1013 iuxta
825 963 901 1024 deos,

101 1043 242 1112 pulvinar,
253 1040 400 1101 flaminem,
411 1035 563 1102 Lupercos,
576 1034 789 1102 appellationem
799 1037 901 1086 mensis

78 1157 80 1160 -
103 1137 118 1170 e
130 1134 184 1168 sno
195 1116 316 1167 nomine.
355 1113 394 1162 Ac
407 1110 499 1162 nullos
514 1125 570 1161 nou
581 1109 701 1160 honores
713 1109 748 1159 ad
759 1109 902 1160 libidinem

102 1194 178 1260 cepit
188 1197 216 1242 et
226 1190 310 1241 dedit.
350 1187 472 1237 'l'ertium
493 1191 521 1236 et
538 1189 665 1251 quartum
681 1185 854 1236 consrrlatum
869 1185 903 1234 ti-

100 1268 162 1319 tulo
173 1274 254 1317 tenus
264 1263 358 1331 gessit,
371 1266 515 1312 contentus
527 1259 680 1311 dictaturae
691 1266 841 1328 potestate,
858 1259 903 1310 de-

102 1350 196 1394 cretae
212 1357 272 1392 cum
289 1336 478 1389 consiliatibus
493 1335 588 1385 simul:
609 1340 818 1402 atqueutroque
829 1349 901 1384 anno

101 1420 185 1468 binos
207 1414 334 1467 consules
355 1411 498 1462 substituit
514 1411 569 1461 sibi
583 1411 612 1459 in
626 1416 720 1462 ternos
735 1410 902 1462 novissimos

101 1508 224 1554 menses3
243 1491 285 1540 ita
298 1494 330 1538 ut
345 1486 435 1537 medio
450 1491 574 1553 tempore
590 1485 703 1535 comitia
713 1486 790 1536 nulla
800 1483 902 1536 halluc-

103 1571 153 1632 rit,
174 1571 286 1634 praeter
300 1563 473 1614 tribunorum
489 1568 517 1612 et
532 1559 661 1611 aedilium
673 1559 775 1626 plebis3
795 1558 902 1625 praefe-

104 1651 219 1710 ctosque
229 1655 281 1708 pro
296 1637 471 1707 praetoribus
487 1635 673 1698 constituerit,
696 1635 744 1702 qui
758 1640 902 1700 praesente

104 1735 133 1770 se
143 1733 188 1769 res
198 1716 321 1767 urbanas
332 1712 551 1763 administerent.
590 1709 683 1760 Pridie
699 1715 789 1759 autem
800 1707 901 1758 Kalen-

105 1795 155 1844 das
173 1791 320 1842 lanuarias
338 1787 481 1853 repentina
501 1785 623 1835 consulis
642 1791 731 1835 morte
751 1789 903 1835 cessantem

104 1867 237 1919 honorem
251 1865 282 1916 in
297 1878 400 1933 paucas
414 1859 498 1911 horas
512 1860 616 1926 petenti
627 1859 711 1910 dedit.
750 1858 854 1908 Eadem
870 1857 902 1905 li-

6 1979 14 1986 ·
105 1944 204 2006 centia,
216 1945 310 2008 spreto
323 1937 414 2006 patrio
427 1949 511 1997 more,
522 1934 700 1999 magistratus
711 1934 740 1983 in
752 1933 844 2000 plures
856 1947 902 1980 an-

104 2035 155 2070 uos
166 2016 320 2069 ordinavit:
341 2012 434 2063 decem
449 2008 599 2076 praetoriis
609 2008 677 2058 viris
689 2006 847 2057 consularia
859 2021 902 2055 or-

107 2099 235 2144 namenta
243 2089 355 2142 tribuit:
377 2087 488 2137 civitate
500 2083 619 2134 donatos
648 2088 675 2132 ct
689 2081 824 2149 quosdam
836 2095 851 2131 e
861 2095 902 2130 se·
978 2095 1001 2120 ι’

107 2166 272 2219 aribarbaris
284 2163 428 2214 Gallorum
449 2158 553 2226 recepit
561 2159 590 2208 in
602 2157 715 2208 curiam.
754 2155 902 2207 Praeterea

106 2249 233 2295 monetae
248 2237 423 2308 publicisque
436 2229 618 2301 vectigalibus
633 2231 786 2301 peculiares
807 2246 901 2284 servos

14 2331 16 2336 '
105 2317 277 2385 praeposuit.
317 2313 412 2363 Trium
424 2310 561 2378 legionum
568 2324 656 2377 ,quas
667 2307 850 2359 Alexandriae
860 2319 901 2354 re-

106 2393 261 2460 linquebat,
282 2403 376 2440 curam
390 2390 417 2436 et
435 2385 578 2452 imperium
594 2384 723 2446 Rusioni,
746 2381 838 2431 liberti
858 2377 903 2428 sui

106 2469 173 2531 filio,
185 2483 237 2518 suo
250 2464 370 2526 exoleto,
382 2459 566 2511 demandavit.

160 2537 301 2592 LXXVII.
322 2536 380 2590 Nec
390 2534 505 2585 minoris
514 2527 694 2599 impotentiae
708 2545 790 2581 voces
801 2543 901 2594 propa·
928 2584 930 2590 ¹

106 2619 159 2668 lam
170 2616 283 2678 edebat,
303 2619 335 2664 ut
345 2611 378 2661 T.
390 2609 503 2675 Ampius
513 2608 622 2658 scribit:
643 2604 719 2655 Nihil
733 2619 785 2654 csse
799 2617 903 2670 rempu-

107 2693 212 2753 blicam,
234 2687 434 2756 appellationem
453 2683 537 2742 modo,
559 2681 615 2732 sine
635 2695 742 2753 corpore
762 2695 794 2731 ac
808 2677 901 2746 specie.

60 2819 62 2824 ,
107 2767 205 2820 Sullam
216 2763 327 2818 nescisse
337 2762 435 2822 literas,
449 2756 495 2824 qai
504 2755 665 2807 dictaturam
676 2753 830 2820 deposuerit.
846 2751 901 2804 De·
