2050 3034
121 205 172 255 tlt
264 269 271 278 x
407 208 434 252 c.
453 207 644 254 sunrouu

122 328 177 382 Sed
186 334 218 380 ut
232 329 382 397 praecipua
397 344 620 393 commemorem,
640 329 745 397 Appius
757 329 864 380 Caecus
880 345 925 383 so·

123 404 249 462 cietatem
261 419 321 455 cum
332 419 395 471 rege
406 401 529 470 Pyrrho,
540 409 571 454 nt
581 418 678 470 parum
689 403 842 468 salubrem,
857 405 924 456 iniri

122 477 264 530 dissuasit.
309 477 441 528 Claudius
463 477 575 529 Caudex
598 477 716 545 primus,
738 476 809 528 freto
832 478 924 530 classe

121 553 247 616 traiecto,
259 551 368 604 Poenos
380 551 478 604 Sicilia
488 552 601 619 expulit.
642 551 775 602 Claudius
785 550 861 604 Nero
874 554 924 604 ad·

120 627 273 678 venientem
288 641 322 677 ex
336 625 474 693 Hispania
490 642 550 678 cum
564 626 722 694 ingentibus
742 625 832 693 copiis
847 627 923 678 Has-

121 700 599 771 drubalem,priusquamliannibali
608 699 689 758 fratri
696 699 921 767 coniungeretnr,

122 775 267 840 oppressit.
308 773 411 824 Contra
423 774 556 825 Claudius
566 774 671 842 Appius
681 773 856 841 Regillanns,
874 775 921 827 de·

121 849 223 898 cemvir
236 847 343 914 legibus
363 848 529 911 scribendis,
549 849 683 915 virginem
700 849 849 916 ingenuam
871 865 920 921 per

119 923 187 984 vim,
200 921 323 972 libidinis
333 922 437 989 gratia,
448 923 477 973 in
487 923 645 974 servitutem
658 937 780 974 asserere
791 929 921 987 conatus,

121 1011 205 1048 causa
215 995 269 1048 iuit
279 996 354 1064 plebi
363 997 509 1048 secedendi
517 1013 626 1048 nusum
637 1012 654 1046 a
664 995 803 1048 Patribus.
836 997 920 1049 Clau-

120 1071 182 1122 dius
193 1069 315 1134 Drusus,
326 1077 419 1122 statua
430 1071 485 1124 sibi
496 1088 557 1124 cum
568 1071 724 1122 diademate
736 1071 771 1121 ad
781 1071 865 1139 Appii
875 1071 920 1123 fo-

118 1161 179 1195 rum
189 1146 295 1211 posita,
306 1144 415 1196 ltaliam
426 1161 476 1212 per
487 1146 628 1198 clientelas
643 1159 778 1210 occupare
790 1147 918 1197 tentavit.

119 1218 252 1274 Claudius
270 1217 388 1270 Pulcher
409 1219 482 1287 apud
502 1219 640 1284 Siciliam,
662 1235 718 1271 non
738 1220 919 1286 pascentibus

117 1296 146 1344 in
157 1293 327 1360 armpioando
339 1293 435 1361 pullis,
457 1309 491 1346 ac
504 1309 554 1362 per
569 1299 755 1363 contemptum
770 1294 922 1361 religionis.

117 1367 189 1418 niori
200 1367 344 1431 demersis,
361 1369 441 1435 quasi
451 1375 502 1432 „ut
510 1369 649 1433 biberent,
661 1368 772 1436 qnando
784 1384 845 1422 esse
855 1369 917 1420 nol·

41 1461 43 1466 ·
117 1441 202 1504 lent,“
213 1441 349 1507 proelium
359 1442 457 1494 navale
466 1444 543 1506 iniit3
559 1449 767 1511 superatusque,
780 1458 863 1510 quum
875 1443 917 1496 di·

118 1520 252 1568 ctatorem
263 1515 354 1570 dicere
366 1531 383 1567 a
393 1524 491 1569 senatu
500 1519 650 1583 iuberetur,
655 1518 731 1572 velut
740 1518 840 1570 iterum
851 1517 915 1570 illu·

117 1589 184 1642 dens
195 1590 348 1642 discrimini
358 1591 484 1658 publico,
507 1590 626 1644 Gliciam
635 1593 771 1644 viatorem
782 1608 862 1648 suum
874 1593 916 1644 di·

114 1665 165 1718 xit·
205 1664 323 1716 Exstant
333 1670 360 1716 ct
369 1665 533 1717 feminarum
543 1667 681 1734 exempla,
693 1667 802 1718 diversa
813 1681 916 1735 acque:

116 1738 253 1803 siquidem
272 1738 361 1804 gentis
381 1739 503 1792 eiusdem
523 1747 640 1808 utraque
661 1741 778 1792 Claudia
798 1741 866 1806 fuit,
888 1751 917 1794 et

116 1825 187 1879 qrrae
201 1827 298 1864 navem
313 1828 374 1864 cum
388 1815 476 1866 sacris
490 1815 587 1867 matris
601 1815 681 1868 derim
696 1815 797 1868 Idaeae
812 1813 916 1868 obbae·

114 1892 218 1938 rentem
229 1887 362 1940 Tiberino
372 1888 445 1940 vado
457 1890 584 1954 extraxit,
595 1897 708 1957 precata
717 1890 873 1958 propalam,
886 1899 917 1942 ur

115 1959 155 2012 itu
166 1961 267 2014 demum
278 1978 304 2014 re
314 1972 474 2029 sequeretur,
484 1965 509 2016 ιι·
518 1963 570 2015 sili
574 1963 706 2030 pudicitia
716 1973 852 2027 coartaret
854 1981 867 2026 ,·
888 1975 916 2017 et

115 2051 186 2102 quac
201 2053 274 2089 novo
290 2053 367 2090 more
381 2038 515 2090 iudicium
530 2039 684 2092 maiestatis
695 2038 768 2107 apud
779 2040 913 2112 popellum

114 2111 214 2161 mulier
228 2113 325 2176 subiit,
347 2113 422 2179 quod
436 2114 465 2162 in
480 2111 604 2164 conferta
619 2114 809 2178 multitudine,
831 2129 915 2182 aegre

114 2184 280 2250 procedente
291 2193 432 2252 carpento,
443 2186 535 2252 palam
547 2194 700 2254 optaverat,
711 2196 743 2240 ut
745 2187 840 2258 frater
851 2204 914 2240 suus

115 2255 230 2312 Pulcher
240 2258 415 2322 reuiuisceret,
437 2269 516 2326 atque
530 2259 632 2314 'iterum
646 2263 753 2314 edissem
767 2262 914 2326 urruitteret,

114 2347 165 2398 quo
175 2331 261 2384 minor
272 2333 350 2385 turbu
359 2333 460 2388 Romae
463 2333 549 2406 foret.
579 2335 727 2388 Praeterea
737 2337 913 2390 notissimum

114 2414 168 2473 est,
191 2407 324 2459 Claudios
341 2423 447 2474 omnes,
469 2416 584 2479 excepto
601 2411 738 2464 duntaxat
751 2411 783 2462 P.
800 2412 912 2475 Clodio,

114 2483 170 2550 qui,
183 2484 218 2534 ob
231 2483 498 2550 expellendumUrbe
504 2485 672 2550 Ciceronem,
684 2486 793 2554 plebeio
806 2484 912 2538 bomini

114 2563 197 2625 atque
207 2559 291 2610 etiam
300 2566 369 2611 natu
378 2560 480 2612 minori
489 2562 518 2612 in
525 2562 702 2630 adoptionem
707 2577 737 2612 so
746 2560 831 2626 dedit,
839 2563 911 2629 opti·

113 2638 199 2684 mates
216 2641 420 2703 assertoresque
433 2637 531 2697 unicos
551 2636 694 2704 dignitatis
715 2651 748 2688 ac
767 2637 911 2704 potentiae

112 2707 293 2771 patriciorum
313 2726 419 2777 semper
437 2709 535 2775 irrisae,
557 2718 639 2779 atque
655 2711 785 2772 adversus
800 2711 910 2779 plebem
