2044 3028
157 255 205 312 ale
430 262 456 309 c.
482 255 672 310 sonrourr

155 387 244 451 beret,
267 387 484 456 orationesque
475 389 504 438 ιιι
519 395 616 440 senatu
630 389 760 440 recitaret
774 386 860 440 etiam
872 403 957 458 qnae·

155 463 239 514 storis
249 463 321 527 vice,
342 462 541 552 praefecturam
557 479 666 553 quoque
675 463 811 530 praetorii
821 464 1011 538 suscepit,

154 553 291 605 nunquam
308 537 342 588 ad
355 537 385 588 id
395 543 501 604 tempus
511 539 566 589 nist
558 539 611 590 'ab
623 540 714 608 equite
725 539 853 590 Romano
866 540 955 591 admi-
1010 539 1011 548 ’

151 614 295 664 nistratanr
301 651 309 677 ,
330 613 438 680 egitque
450 613 591 681 aliquanto
602 613 741 666 incivilius
753 620 780 665 et
790 615 954 666 violentius.

153 687 293 754 Siquidem
305 688 538 754 suspectissimum
551 681 684 757 qnemq'ue
695 689 763 754 s1b1,
784 691 952 754 summissis,

153 764 201 829 qui
214 777 263 828 per
276 760 384 813 theatra
398 767 426 813 et
439 768 531 815 castra
547 766 627 831 quasi
638 779 772 815 consensu
784 765 819 815 ad
831 781 953 831 poenam

153 837 343 903 deposcerent,
364 835 438 888 haud
453 845 612 891 cunctanter
627 841 773 908 oppressit.
813 839 845 890 lu
860 839 905 890 his
920 841 952 890 Α.

153 912 299 963 Caecinam
315 913 486 964 consularem
505 915 607 978 virum,
628 920 755 966 vocatum
772 914 807 964 ad
824 930 951 979 coenam,

153 1001 186 1037 ae
199 987 311 1037 vixdum
328 988 450 1039 triclinio
466 1003 617 1056 egressum,
640 989 753 1040 confodi
766 990 862 1052 iussit3
883 1006 952 1040 sane

152 1068 265 1130 urgente
280 1063 447 1126 discrimine,
469 1079 552 1130 quum
567 1066 649 1115 etiam
666 1063 880 1132 chirographum
891 1067 952 1116 eius

151 1143 333 1205 praeparatae
349 1138 420 1204 apud
435 1138 537 1189 milites
553 1140 694 1190 concionis
714 1138 951 1206 deprehendisset.

154 1206 259 1273 Quibus
270 1213 351 1263 rebus
362 1213 451 1263 sicut'
442 1227 472 1262 ιιι
481 1219 621 1279 posterum
633 1215 776 1265 securitati
786 1216 856 1265 satis
867 1217 952 1279 cavit,

152 1287 193 1337 ita
204 1286 238 1337 ad
250 1303 378 1355 praesens
389 1287 535 1356 plurimum
547 1289 685 1340 contraxit
694 1289 830 1378 invidiae3
851 1296 885 1341 ut
894 1307 952 1341 non

153 1367 253 1412 temere
274 1362 335 1429 quis
348 1368 406 1413 tam
421 1363 536 1414 adverso
552 1380 672 1428 rumore,
692 1351 835 1433 magisque
854 1366 952 1416 invitis

155 1437 289 1502 omnibus,
300 1437 441 1490 transierit
452 1438 487 1489 ad
496 1439 689 1507 principatum

210 1509 269 1562 Vll.
290 1511 403 1564 Praeter
412 1513 554 1564 saevitiam
561 1553 568 1578 ,
589 1515 737 1581 suspecta
729 1531 801 1566 1neo
814 1514 953 1566 etiarnlu-

153 1587 235 1639 xuria
249 1591 320 1650 erat,
342 1587 416 1653 quod
432 1588 466 1643 ad
481 1589 600 1640 mediam
614 1595 722 1641 noctem
738 1583 954 1642 comissationes

156 1677 214 1712 eom
236 1659 429 1728 profusissimo
449 1677 558 1734 quoqne
578 1664 755 1716 familiarium
777 1665 952 1717 extenderet:

154 1753 205 1788 nec
215 1735 303 1787 minus
317 1735 419 1802 libido,
439 1747 552 1808 propter
566 1739 736 1791 exoletorum
752 1747 780 1792 et
790 1741 952 1808 'spadonum

155 1827 262 1880 greges,
274 1817 440 1883 propterque
449 1815 583 1882 insignem
594 1816 704 1882 reginae
714 1815 863 1867 Berenices
875 1832 953 1868 anro-

154 1903 220 1952 rem,
233 1888 277 1938 cui
287 1888 369 1939 etiam
378 1890 489 1955 nuptias
499 1889 641 1956 pollicitus
650 1889 798 1942 ferebatur.
815 1891 953 1959 Suspecta

155 1970 182 2015 et
191 1963 339 2030 rapacitas,
352 1965 426 2032 quod
438 1965 593 2028 constabat,
604 1965 634 2014 in
645 1965 851 2032 cognitionibus
862 1967 954 2035 patris

154 2039 302 2090 nundinari
319 2040 521 2106 praemiarique
541 2039 662 2090 solitum.
701 2039 827 2108 Denique
848 2057 954 2109 propa-

154 2114 210 2163 lam
222 2113 305 2163 alium
316 2111 452 2165 Neronerh
463 2120 490 2165 et
501 2115 697 2182 opinabantur,
709 2122 736 2166 et
746 2116 830 2167 etiam
840 2117 954 2182 praedi-

156 2189 264 2238 cabant.
302 2187 338 2238 At
350 2186 394 2240 illi
407 2205 440 2239 ea
453 2188 528 2243 fama
542 2205 592 2257 pro
603 2191 677 2242 bono
690 2191 783 2254 cessit,
805 2206 954 2242 conversa·

156 2277 208 2329 qne
219 2263 299 2312 estin
309 2264 442 2313 maximas
450 2263 562 2328 laudes,
582 2280 670 2331 neque
680 2265 738 2316 ullo
749 2265 818 2316 vitio
829 2274 953 2332 reperto,

156 2343 183 2388 et
193 2344 289 2388 contra
302 2338 449 2389 virtutibus
465 2341 586 2390 summis.
626 2341 759 2391 Convivia
772 2341 896 2392 instituit
910 2342 954 2393 iu-

157 2412 245 2462 cunda
255 2413 355 2479 magis,
369 2427 448 2479 qnam
460 2413 582 2478 profusa
620 2415 730 2466 Amicos
742 2415 837 2482 elegit,
849 2417 955 2482 qulbus

156 2485 239 2536 otiam
258 2493 322 2553 post
340 2489 564 2554 comprincipes,
586 2494 656 2542 utet
671 2490 725 2540 sibi
739 2496 766 2541 et
780 2489 955 2556 reipublicae

154 2562 330 2624 necessariis,
357 2563 562 2628 acquieverunt,
591 2566 791 2632 praecipueque
810 2571 876 2615 sunt
895 2568 952 2624 usi.

154 2631 304 2685 Berenicen
324 2636 416 2686 statim
437 2637 471 2687 ab
484 2637 557 2688 Urbe
578 2638 682 2689 dimisit
701 2639 802 2689 invitus
822 2629 952 2691 invitam.

157 2705 297 2764 Quosdam
308 2725 323 2758 e
333 2710 496 2775 gratissimis
507 2711 699 2778 delicatorum,
721 2729 878 2782 quanquam
892 2720 951 2766 tam

156 2781 274 2832 artifices
286 2781 455 2851 saltationis,
476 2790 506 2835 nt
519 2802 583 2838 mox
599 2803 707 2840 scenam
722 2789 872 2858 tenuerint,
894 2805 952 2844 non
