2026 3020
249 201 515 248 OGTAVlANUS.
552 203 630 250 GAP.
649 204 766 250 43-45.
875 204 908 254 77

105 331 207 379 contra
228 326 367 393 praetoris
385 323 508 378 tribunal
528 324 613 378 dedit.
651 325 821 380 athletarum
840 343 906 384 vero

105 401 270 470 spectaculo
281 400 414 453 muliebre
424 415 505 452 sexus
517 416 596 452 omne
612 400 682 452 adeo
697 405 856 469 summovit,
876 411 907 457 ut

104 475 317 546 pontificalibus
334 475 407 526 ludis
424 475 546 542 pugilum
566 491 618 542 par
631 476 802 544 postulatum
822 478 905 530 distu-

103 552 167 604 lerit
177 553 208 602 iu
219 551 360 617 sequentis
371 550 595 603 dicimatutinum
603 556 719 619 tempus,
725 541 904 621 edixeritque,

103 627 226 678 mulieres
241 633 304 676 ante
319 624 413 678 horam
427 624 546 691 quintum
560 625 647 678 uenire
661 626 690 678 in
704 627 838 680 theatrum
853 645 904 682 nou

98 704 215 770 placere.

137 828 143 834 ,
158 774 250 828 XLV.
272 774 333 843 lpse
345 775 486 826 Circenses
501 791 534 827 ex
549 776 700 829 amicorum
714 777 771 831 fere
791 779 903 832 liberto-

101 868 219 919 rumque
231 851 389 903 coenaculis
404 852 558 917 spectabat,
578 852 714 905 interdum
729 855 902 922 epulvinari,

102 926 257 994 etquidem
279 941 341 977 cnm
356 926 472 993 coniuge
487 941 521 978 ac
534 926 629 977 liberis
644 928 750 980 sedens.
789 929 902 997 Specta·

102 1003 163 1053 culo
174 1017 228 1069 per
237 1000 371 1068 plurimas
381 999 474 1064 horas,
480 1000 629 1067 aliquando
640 1006 716 1052 totos
728 1002 786 1054 dies
796 1005 900 1070 aberat,

101 1078 187 1144 petita
197 1076 291 1140 venia,
303 1075 567 1142 commendatisque,
580 1075 715 1141 quisnam
725 1077 812 1128 ricem
822 1093 900 1144 prae·

101 1151 218 1204 ridendo
230 1150 417 1218 fungerentur.
456 1149 558 1202 Verum
570 1150 678 1217 quoties
689 1150 810 1216 adesset,
830 1152 900 1204 nihil

84 1281 87 1287 ,
100 1232 246 1294 praeterea
258 1225 366 1292 agebat,
377 1240 426 1277 seu
435 1225 542 1276 vitandi
551 1227 670 1278 rumoris
681 1242 774 1292 carisa,
786 1243 840 1296 quo
852 1244 899 1294 pa-

99 1308 168 1354 trem
184 1302 333 1352 Caesarem
346 1300 429 1366 vulgo
444 1299 636 1368 reprehensum
657 1304 898 1368 commemorabat,

100 1376 175 1444 quod
188 1376 264 1426 inter
279 1374 455 1442 spectandum
470 1375 595 1442 epistolis
611 1375 765 1445 libellisque
776 1377 899 1446 legendis

100 1458 148 1502 aut
166 1450 354 1502 rescribendis
372 1456 497 1513 vacaret3
521 1467 570 1502 seu
589 1451 681 1502 studio
703 1454 844 1520 spectandi
867 1470 906 1505 ac

100 1528 258 1594 voluptate,
275 1541 329 1592 qua
338 1525 426 1576 teneri
437 1540 563 1593 seneque
574 1525 759 1577 dissimulavit
768 1544 898 1594 uuquam,

100 1608 126 1654 et
146 1617 231 1669 saepe
251 1601 368 1666 ingenue
388 1598 529 1666 professus
544 1605 594 1652 est.
633 1600 729 1668 ltaque
748 1602 900 1654 corollaria

100 1683 125 1728 et
136 1676 265 1744 praemia
276 1675 373 1726 alienis
389 1691 497 1743 quoquc
507 1675 666 1726 muneribus
678 1691 711 1728 ae
720 1675 793 1728 ludis
804 1681 832 1728 et
842 1692 898 1728 ere-

99 1753 150 1802 bra
170 1757 198 1802 et
217 1750 336 1817 grandia
356 1750 389 1800 de
409 1766 459 1800 suo
482 1749 627 1801 offerebat:
651 1751 774 1818 nullique
790 1751 897 1804 Graeco

100 1825 247 1878 certamini
267 1823 403 1888 interfuit,
426 1839 479 1889 quo
499 1840 556 1875 non
575 1840 626 1890 pro
648 1827 745 1877 merito
765 1842 898 1894 quemque

100 1901 266 1952 certantium
276 1898 463 1950 honoraverit.
502 1897 642 1963 Spectavit
653 1904 743 1950 alitem
753 1899 898 1951 studiosis-

99 1977 168 2028 sime
179 1974 300 2042 pugiles,
322 1980 349 2025 et
360 1973 477 2023 maxime
488 1970 619 2032 Latinos3
640 1988 695 2022 non
709 1972 848 2039 legitimos
858 1979 898 2024 at-

100 2067 152 2118 que
168 2050 328 2102 ordinarios
344 2049 440 2111 modo,
462 2063 532 2115 quos
548 2045 630 2097 etiam
646 2047 817 2100 committere
837 2063 898 2100 cum

102 2124 217 2176 Graecis
233 2123 355 2186 solebat,
375 2123 422 2174 sed
438 2128 465 2173 et
479 2122 648 2174 catervarios
663 2122 818 2191 oppidanos
828 2124 899 2177 inter

102 2199 247 2267 angustias
266 2199 391 2250 vicorum
409 2203 561 2265 pugnantes
581 2203 682 2249 temere
703 2213 736 2249 ac
755 2200 814 2252 sine
829 2206 897 2252 arte.

102 2276 265 2328 Universum
286 2273 403 2339 denique
422 2289 508 2339 genus
529 2289 628 2340 operas
653 2273 762 2341 aliquas
785 2275 898 2342 publico

102 2348 262 2416 spectaculo
275 2347 462 2415 praebentium
474 2349 557 2398 etiam
569 2364 635 2398 cura
646 2364 696 2399 sua
707 2349 837 2416 dignatus
848 2353 898 2399 est.

102 2423 219 2476 Athletis
230 2429 257 2475 et
268 2423 441 2474 conservarit
450 2423 595 2489 privilegia
605 2430 633 2473 et
642 2423 793 2489 ampliavit.
834 2419 899 2471 Gla·

102 2499 225 2550 dictores
236 2499 295 2548 sinc
306 2497 437 2548 missione
452 2497 497 2547 edi
507 2496 657 2563 prohibuit.
697 2496 899 2547 coercitionem

101 2574 129 2624 in
139 2573 304 2636 histriones,
321 2571 528 2637 magistratibus
538 2573 567 2622 in
579 2571 654 2622 omni
664 2576 787 2635 tempore
797 2576 825 2621 et
833 2569 898 2621 loco

104 2649 162 2724 lege
172 2656 265 2702 vetere
275 2647 446 2715 permissam,
459 2645 573 2708 ademit,
584 2648 776 2712 praeterquam
787 2643 861 2696 ludis
872 2647 900 2694 et

104 2740 193 2778 scena.
232 2722 292 2778 Nec
305 2728 397 2774 tamen
412 2737 444 2772 eo
459 2719 550 2773 minus
565 2724 613 2769 aut
625 2719 798 2786 xysticorum
813 2724 899 2774 certa-
