2050 3034
262 204 459 266 cacrduns.
496 220 709 269 cnr.4r-or.
834 225 883 278 18⁷

80 349 148 396 sunt
160 341 216 394 duo
227 341 325 408 libelli,
338 343 445 396 diverso
456 345 553 397 titulo:
575 345 655 397 alteri
668 345 790 412 Gladim,
803 349 884 416 alteri

81 417 176 490 Pugio
189 419 273 470 index
286 425 354 472 erat.
393 419 480 472 Ambo
494 427 576 472 notas
591 425 619 472 et
633 423 746 474 nomina
762 426 882 476 contine-

79 495 153 546 bant
168 494 253 546 morti
267 494 476 546 destinatorum.
514 495 627 546 Inventa
645 502 673 548 ct
693 511 758 550 arca
777 499 882 566 ingens,

78 570 226 620 variorum
241 584 407 620 venenorum
420 569 515 636 plena3
536 571 635 638 quibus
651 587 716 622 mox
730 587 747 622 a
763 572 880 625 Claudio

78 644 230 708 demersis,
244 641 348 696 infecta
357 646 446 695 maria
455 645 613 710 traduntur,
628 662 684 697 non
695 648 753 699 sine
763 648 881 714 piscium

78 719 180 784 exitio,
192 733 263 788 quos
274 726 385 771 enectos
396 725 488 771 aestus
498 721 527 771 in
537 723 664 786 proxima
675 721 760 774 litora
770 723 860 774 eiecit.

137 793 173 844 L.
195 793 308 846 Statura
318 793 372 844 init
382 795 522 859 eminenti,
539 795 644 862 pallido
657 796 764 863 colore,
781 814 878 866 corpo-

78 885 112 920 re
132 869 252 933 enormi,
272 869 429 936 gracilitate
449 871 569 920 maxima
584 873 697 922 cervicis
713 879 740 923 et
760 889 878 938 crurum,

80 943 173 996 oculis
184 949 212 994 et
220 944 392 1012 temporibus
407 947 535 996 concavis
540 969 554 1008 ,·
569 945 659 997 fronte
675 945 733 996 lata
747 954 775 999 et
788 955 877 1013 torva,

80 1018 186 1087 capillo
197 1033 262 1070 raro
276 1034 308 1070 ac
319 1020 393 1070 cirea
402 1020 532 1071 verticem
542 1018 632 1083 nullo,
644 1018 767 1072 hirsutus
779 1028 878 1074 cetera.

82 1094 186 1157 Quare,
196 1099 355 1146 transeunte
366 1109 399 1146 eo
405 1133 413 1158 ,
425 1095 583 1161 prospicere
594 1107 627 1144 ex
638 1095 781 1161 superiore
792 1101 878 1162 parte,

80 1173 131 1220 aut
147 1167 259 1222 omnino
276 1183 439 1238 quacunque
453 1169 486 1221 de
502 1183 586 1220 eausa
601 1183 709 1237 capram
727 1172 878 1235 nominare,

80 1243 262 1295 criminosum
273 1249 301 1295 et
310 1243 421 1295 exitiale
432 1241 593 1294 habebatur.
631 1241 745 1295 Vultum
755 1261 820 1298 vero
832 1261 880 1297 na-

76 1325 145 1373 tura
154 1316 298 1370 horridum
310 1333 343 1369 ac
351 1324 451 1370 tetrum
463 1319 545 1370 etiam
552 1333 585 1369 ex
593 1318 878 1386 industriaefferabat,

79 1408 251 1462 componens
268 1392 303 1443 ad
318 1393 458 1460 speculum
472 1394 502 1444 in
518 1399 767 1447 omnemterrorem
779 1411 811 1448 ac
821 1396 877 1448 for-

66 1467 220 1520 midinem.
258 1465 397 1520 Valetndo
414 1469 440 1520 ei
453 1485 541 1536 nequo
555 1470 680 1537 corporis
693 1487 781 1538 neque
793 1473 878 1523 animi

78 1541 216 1595 constitit.
256 1543 327 1596 Puer
339 1543 473 1595 comitiali
482 1545 580 1596 morbo
595 1551 723 1610 vexatus,
744 1547 774 1595 in
785 1547 877 1598 adole-

77 1618 187 1670 scentia
196 1618 237 1669 ita
247 1619 355 1685 patiens
369 1615 495 1670 laborum
511 1625 582 1684 erat,
604 1626 634 1671 nt
647 1626 739 1672 tamen
752 1637 877 1673 nonnun-

78 1709 164 1764 quam
175 1693 267 1744 subita
278 1693 430 1746 defectione
439 1695 555 1762 ingredi,
562 1701 643 1759 stare,
652 1695 781 1764 colligere
792 1704 878 1749 semet

79 1785 114 1820 ae
129 1765 245 1820 sufferre
258 1769 305 1820 vix
321 1774 423 1836 posset.
461 1769 563 1819 Mentis
577 1771 762 1822 valetudinem
776 1774 876 1840 etipse

76 1848 215 1908 senserat,
238 1859 270 1894 ac
284 1844 398 1895 subinde
414 1844 447 1894 de
462 1857 571 1894 secessu
581 1843 668 1910 deque
678 1847 822 1913 purgando
834 1863 876 1898 ee·

76 1920 160 1971 rebro
182 1919 324 1986 cogitavit.
369 1919 496 1971 Creditur
520 1919 681 1984 potionatus
702 1935 719 1970 a
740 1921 877 1972 Caesonia

76 2009 166 2046 ruore
182 1995 319 2046 amatorio
336 1995 445 2062 quidem
459 1993 673 2058 medicamento,
694 1993 742 2045 sed
759 1995 832 2060 quod
847 1996 876 2046 in

76 2069 201 2122 mrorem
210 2069 331 2122 verterit.
356 2069 526 2121 incitabatur
535 2068 673 2120 insomnia
683 2070 814 2121 mammet
830 2087 876 2122 nc·

77 2160 130 2212 qne
146 2143 218 2196 enim
232 2144 295 2212 plus
310 2160 393 2212 quam
406 2144 494 2196 tribus
509 2144 652 2195 nocturnis
666 2142 742 2196 horis
754 2145 874 2213 quiesce-

75 2221 138 2282 bat;
160 2235 194 2270 ac
203 2236 236 2271 ne
247 2215 290 2270 his
301 2219 410 2288 quidem
421 2220 533 2286 placida
543 2220 642 2287 quiete,
654 2219 702 2271 sed
712 2221 814 2288 pavida
824 2221 873 2274 mi-

75 2296 114 2346 ris
130 2309 222 2346 rerum
236 2293 417 2362 imaginibus,
436 2296 531 2363 utqui
549 2296 622 2346 inter
641 2301 759 2361 ceteras,
780 2296 874 2364 pelagi

76 2369 216 2438 quondam
232 2371 351 2437 speciem
368 2368 569 2436 colloquentem
584 2386 675 2422 secum
689 2371 783 2422 videre
796 2372 872 2421 visus

75 2446 120 2496 sit.
159 2443 592 2512 Ideoquemagnapartenoctis,
613 2445 726 2512 vigiliae
742 2443 872 2496 cubandi-

76 2535 128 2589 que
138 2519 243 2584 taedlo,
254 2535 326 2571 nunc
335 2526 398 2571 toro
409 2518 545 2582 residens,
556 2535 627 2570 nurm
638 2534 686 2587 per·
696 2519 872 2585 longissimas

74 2596 199 2664 porticus
209 2609 309 2662 vagus,
321 2595 450 2646 invocare
460 2592 609 2644 identidem
622 2599 703 2660 atque
714 2597 872 2658 exspectare

73 2669 163 2722 lucem
175 2675 363 2722 consueverat.

130 2741 177 2800 Ll‘.
197 2743 224 2797 N
226 2760 262 2797 on
271 2745 407 2798 immerito
424 2743 523 2798 mentis
537 2740 690 2796 valetudini
700 2741 870 2802 attribuerim
