2026 3020
131 222 164 276 8⁰
413 223 441 272 0.
465 221 649 269 SUETONll

132 348 238 416 dosque
248 351 416 416 suppeteret,
432 346 568 398 aerarium
582 346 702 397 militare
714 362 774 398 cum
784 347 934 416 vectigali-

130 424 183 475 bus
196 425 276 476 novis
291 423 421 474 instituit.
459 423 496 472 Et
509 438 563 489 quo
579 421 694 473 celerius
710 438 743 473 ac
753 422 804 473 sub
816 438 932 474 manum

132 499 295 551 annuntiari
315 499 500 564 cognoscique
519 503 624 564 posset,
646 496 712 563 quid
732 498 761 546 in
781 499 932 563 provincia

131 589 239 641 quaque
249 578 401 639 gereretur,
422 573 533 622 iuvenes
544 572 632 638 primo
644 571 761 622 modicis
772 573 931 624 intervallis

130 664 179 716 per
189 647 323 698 militares
332 647 401 709 vias,
414 645 511 698 dehinc
520 644 655 709 vehicula,
667 646 815 712 disposuit.
846 647 929 698 Com-

129 723 238 774 modius
248 721 278 772 id
288 722 376 772 visum
387 727 436 784 est,
446 726 486 784 ut,
498 721 546 787 qui
557 736 573 770 a
583 720 646 771 loco
658 720 809 786 perterrent
819 721 928 786 literas,

128 797 505 863 iideminterrogariquoque,
512 794 607 862 siquid
616 811 660 846 res
666 795 927 863 exigeret,possent.

186 870 219 920 L.
239 870 270 920 ln
284 870 482 938 diplomatibus
506 869 662 936 libellisque
686 877 713 920 et
736 870 864 936 epistolis
890 873 927 922 si-

129 945 246 1012 gnandis
256 946 337 996 initio
350 943 469 1012 Sphinge
479 958 545 994 usus
557 949 609 1006 cst,
622 960 685 994 mox
696 945 816 1012 imagine
827 945 928 1013 Magni

127 1020 290 1082 Alexandri3
302 1019 450 1070 novissime
461 1035 520 1082 sua,
526 1018 701 1069 Dioscuridis
712 1034 795 1069 manu
805 1019 926 1086 sculpta,

128 1111 183 1162 qua
197 1096 306 1162 signare
321 1095 439 1145 insecuti
454 1110 563 1161 quoque
578 1094 715 1160 principes
734 1109 926 1160 perseverave-

126 1175 199 1220 runt.
237 1170 278 1219 Ad
289 1169 421 1236 epistolas
433 1184 526 1218 omnes
537 1167 667 1218 horarum
683 1183 791 1236 quoque
802 1185 925 1221 momen-

126 1249 168 1306 ta,
180 1260 230 1294 nec
240 1244 295 1293 diei
306 1242 389 1293 modo
400 1243 449 1293 sed
459 1249 486 1292 et
496 1243 599 1306 noctis,
616 1244 714 1309 quibus
725 1243 807 1294 datae
818 1245 924 1311 signifi-

127 1323 261 1379 carentur,
273 1316 400 1367 addebat.

182 1390 228 1441 Ll.
250 1390 415 1444 Clementiae
431 1392 627 1459 ciuilitatisque
642 1392 701 1443 eius
716 1392 802 1444 multa
817 1398 845 1444 et
865 1411 923 1446 ma-

126 1481 180 1533 gna
191 1463 356 1518 documenta
366 1473 438 1517 sunt.
468 1465 504 1518 Et
514 1483 547 1518 ne
558 1482 721 1529 enumerem,
733 1473 802 1534 quot
812 1474 839 1519 et
850 1485 921 1536 quos

126 1541 295 1592 diversarum
311 1543 429 1608 partium
445 1542 525 1593 venia
544 1547 571 1592 et
591 1541 781 1592 incolumitate
801 1542 921 1596 donatos

125 1617 275 1683 principem
292 1616 374 1666 etiam
389 1617 418 1666 in
435 1616 546 1666 civitate
561 1615 652 1666 loonm
663 1621 754 1666 tenere
765 1632 863 1683 passus
875 1620 919 1683 sit,

125 1691 232 1741 lunium
243 1688 381 1740 Nouatum
392 1694 419 1742 et
430 1690 555 1740 Cassium
566 1689 743 1753 Patavinum,
756 1707 770 1742 e
781 1691 861 1758 plebe
872 1691 919 1745 ho-

125 1765 223 1827 mines,
245 1763 360 1814 alterum
371 1765 499 1831 pecunia,
517 1765 632 1815 alterum
647 1764 702 1816 levi
712 1766 811 1816 exsilio
822 1769 919 1834 punire

124 1839 192 1890 satis
213 1837 323 1900 habuit3
353 1855 436 1906 quum
455 1839 504 1891 ille
524 1830 661 1907 Agrippae
682 1840 788 1891 iuvenis
808 1843 918 1894 nomine

125 1915 302 1980 asperrimam
313 1914 347 1968 de
357 1931 386 1966 se
397 1915 542 1981 epistolam
556 1915 586 1966 in
600 1915 699 1980 vulgus
714 1913 858 1979 edidisset,
874 1915 918 1968 hic

124 1990 250 2041 convivio
262 1989 343 2056 pleno
354 1989 565 2056 proclamasset,
587 2005 668 2054 neque
678 1997 766 2040 cotum
776 1989 828 2042 ribi
837 2007 917 2057 neque
996 2009 997 2040 1

123 2063 239 2115 autorum
250 2064 334 2115 deesse
345 2063 513 2133 confodiendi
522 2079 588 2115 curn.
610 2063 736 2123 Quadam
747 2080 812 2116 vero
824 2067 915 2134 cogni-

122 2138 207 2199 tione,
220 2153 302 2202 quum
312 2139 429 2189 Aemilio
441 2137 555 2188 Aeliano
562 2137 734 2189 Cordubensi
744 2139 816 2190 inter
827 2146 915 2192 cetera

124 2211 238 2261 crimina
248 2212 292 2263 vel
302 2213 420 2262 maxime
431 2212 609 2276 obiiceretur,
631 2212 705 2279 quod
719 2211 791 2264 male
807 2216 914 2282 opinari

123 2286 157 2336 de
168 2286 285 2336 Caesare
296 2285 409 2348 soleret,
426 2301 572 2337 conversus
583 2287 619 2338 ad
631 2293 831 2352 accusatorem,
844 2306 913 2342 com-

122 2367 253 2428 motoque
263 2359 375 2424 similis,
392 2359 487 2423 Velim,
498 2362 600 2428 inquit,
612 2360 662 2413 boc
671 2359 852 2428 rnibiprobee:
864 2364 911 2434 fa-

122 2435 190 2487 eiam
201 2434 269 2488 sciat
279 2434 412 2498 Aelianus,
425 2443 451 2487 et
460 2452 500 2488 me
510 2435 629 2505 linguam
640 2435 749 2488 trabere:
755 2440 836 2504 plura
847 2439 910 2491 euim

123 2511 153 2561 de
164 2528 192 2561 eo
203 2513 302 2576 loquar.
315 2509 372 2564 Neo
383 2511 528 2579 quicquam
539 2512 612 2563 ultra
623 2517 667 2563 sut
677 2511 769 2564 statim
782 2520 830 2565 aut
839 2521 909 2581 post-

122 2601 155 2636 ea
169 2586 320 2652 inquisivit.
359 2587 473 2638 rliberio
493 2602 615 2655 quoque,
636 2587 670 2638 de
689 2587 784 2639 eadem
802 2603 844 2653 re,
865 2589 909 2640 sed

121 2659 282 2725 violentius,
304 2663 377 2728 apud
392 2678 420 2713 se
435 2678 484 2730 per
498 2663 644 2729 epistolam
663 2665 852 2728 conquerenti,
871 2665 908 2716 ita

120 2736 273 2801 rescripsit:
293 2736 387 2789 Aetati
396 2745 469 2804 tuac,
490 2736 528 2790 mi
540 2735 642 2801 Tiberi,
663 2735 719 2790 noli
731 2737 759 2790 in
773 2737 824 2792 bac
834 2756 862 2791 re
871 2739 906 2792 iu-
