2036 3022
263 218 544 266 VESPASIANUS.
580 217 774 265 camo-15.
864 215 914 268 309

113 347 269 399 salutantes
294 343 447 409 scrutandi,
473 349 598 394 manente
624 339 713 393 adhuc
732 342 806 395 bello
828 343 913 410 civili,

112 424 255 476 omiserat.

170 495 245 548 Xlll.
265 494 421 546 Amicorum
436 495 604 558 libertatem,
627 493 829 545 causidicorum
844 493 912 562 figu-

110 589 172 637 ras,
194 587 227 623 ac
236 569 465 640 philosophorum
477 569 679 622 contumaciam
688 568 828 621 lenissime
838 569 911 620 tulit.

109 647 252 700 Licinium
262 645 435 710 Mucianum,
456 652 539 697 notae
549 643 738 714 impudicitiae
744 683 752 709 ,
773 643 822 696 sed
833 645 911 696 mcri-

110 731 206 776 torum
222 721 323 773 fiducia
338 722 428 771 1111111
444 721 488 770 sui
501 726 682 785 reverentem,
703 735 842 787 nunquam
857 719 913 770 nisi

112 800 186 850 clam
198 803 225 849 et
235 795 367 848 hactenus
378 801 504 846 retaxare
516 795 654 859 sustinuit,
665 801 697 848 ut
708 795 781 863 apud
792 812 912 847 eommu-

111 890 177 926 nem
196 871 315 941 aliquem
336 872 453 922 amicum
468 884 596 938 querens,
617 870 731 922 adderet
747 870 912 922 clausulam:

112 949 177 1018 Ego
193 955 281 1000 tamen
294 945 414 997 1111111111.
455 944 576 996 Salvium
596 943 752 996 Liberalem
771 947 801 996 in
822 945 914 998 deien-

114 1027 194 1075 sione
206 1023 299 1074 divitis
309 1021 351 1073 rei
361 1037 457 1072 ausum
468 1019 573 1081 dicere,
591 1017 663 1084 Quid
672 1019 708 1069 ad
718 1019 870 1085 Caesarem,
892 1020 916 1074 si

114 1097 288 1166 Hipparchus
298 1095 446 1148 sestertium
457 1093 549 1146 millies
560 1091 655 1145 babet?
674 1094 769 1162 etipse
780 1095 913 1147 laudavit.

113 1175 286 1226 Demetrium
308 1173 453 1241 Cynicum,
477 1171 507 1220 in
526 1169 625 1220 itinere
646 1170 757 1220 obvium
777 1169 832 1220 sibi
851 1177 916 1238 post

116 1249 335 1314 damnationem,
357 1263 389 1298 ac
403 1262 492 1315 neque
503 1259 645 1312 assurgere
656 1260 743 1314 neque
754 1244 875 1297 salutare
886 1263 915 1297 se

118 1326 290 1394 dignantem,
303 1323 486 1374 oblatrantem
498 1321 581 1372 etiam
592 1321 685 1371 nescio
699 1318 777 1387 quid,
793 1321 861 1372 satis
872 1337 903 1373 ca

117 1417 178 1454 nero
188 1399 285 1450 habuit
295 1397 444 1467 appellare,

175 1471 250 1527 xlv.
272 1471 445 1524 Offensarum
460 1471 722 1538 inimicitiarumque
737 1471 848 1524 minime
862 1487 918 1524 mc·

118 1566 181 1604 mor
197 1555 386 1615 exsecutorve,
406 1546 516 1599 Vitellii
530 1545 618 1598 hostis
638 1547 683 1596 sui
697 1545 782 1597 filiam
798 1545 918 1614 splendi-

119 1627 234 1679 dissime
253 1625 406 1688 maritavit,
434 1621 594 1690 dotavitque
618 1621 701 1673 ctiam
727 1627 754 1674 et
777 1622 917 1673 instruxit.

119 1700 272 1769 'trepidum
284 1716 344 1752 eum
355 1698 503 1750 interdieta
514 1697 579 1749 aula
589 1698 640 1749 sub
650 1695 774 1762 Nerone,
786 1713 917 1767 quaeren-

118 1786 243 1846 temque,
265 1774 395 1844 quidnam
407 1779 501 1840 ageret
511 1778 559 1823 aut
569 1788 623 1842 qvo
640 1773 741 1837 abiret,
762 1773 874 1842 quidam
885 1787 919 1824 111

120 1853 214 1904 officio
228 1847 405 1901 admissionis
415 1847 498 1898 simul
508 1847 655 1915 expellens,
667 1846 741 1898 abire
752 1845 920 1899 Morbouiam

35 1921 39 1927 ¹
119 1931 250 1980 iusserat.
288 1924 319 1974 ln
334 1923 406 1975 hune
424 1929 522 1991 postca
541 1921 731 1989 deprecantem
751 1920 826 1973 haud
845 1923 920 1973 ultra

118 2003 205 2056 verba
216 2000 371 2064 excanduit,
378 2006 405 2051 et
415 1997 524 2066 quidem
535 1995 712 2050 totidemiere
722 2002 804 2064 atque
814 1998 919 2048 eadem.

121 2078 208 2141 Nam,
229 2081 260 2127 ut
279 2076 437 2142 suspicione
458 2073 552 2140 aliqua
570 2071 615 2123 vel
633 2077 708 2122 metu
722 2072 757 2122 ad
771 2071 920 2140 perniciem

122 2154 286 2219 cuiusquam
298 2150 516 2217 compelleretur,
526 2154 634 2199 tantum
645 2145 724 2210 aluit,
735 2154 774 2211 ut,
786 2147 920 2200 monenti·

120 2229 174 2280 bus
195 2227 291 2277 amieis
312 2225 461 2276 cavendum
481 2239 540 2274 csse
559 2223 674 2274 Metium
694 2221 920 2290 Pompusianum,

122 2301 198 2371 quod
210 2301 293 2368 vulgo
306 2300 461 2351 crederetur
471 2299 583 2366 genesin
593 2296 694 2350 habere
702 2297 920 2364 imperatoriam,

122 2381 236 2445 insuper
248 2375 385 2427 consulem
397 2373 506 2438 iecerit,
527 2372 678 2441 spondens,
700 2373 865 2442 quandoque
875 2374 921 2426 be-

122 2452 218 2506 neficii
228 2466 375 2502 memorem
385 2449 516 2500 futurum.

179 2525 242 2579 XV.
262 2525 325 2578 Non
339 2531 440 2578 temere
457 2525 518 2592 quis
533 2525 645 2592 punitus
660 2524 756 2575 insons
776 2524 920 2592 reperitur,

123 2603 180 2658 nisi
192 2603 303 2653 absente
314 2616 347 2652 eo
359 2607 386 2652 et
395 2601 508 2668 ignaro,
529 2605 577 2650 aut
592 2605 664 2650 certe
679 2599 767 2651 invito
783 2605 865 2668 atque
876 2599 922 2653 de·

124 2686 216 2748 cepto.
254 2676 386 2728 Helvidio
396 2674 507 2739 Prisco,
528 2675 577 2744 qui
590 2689 728 2726 reversmn
739 2690 773 2727 ex
784 2675 867 2744 Syria
877 2693 922 2729 so-

125 2756 169 2814 lus
191 2755 301 2829 privato
315 2750 427 2806 nomine
446 2747 636 2822 Vespasianum
650 2749 820 2808 salutaverat
853 2753 922 2804 etin
