2026 3020
233 164 489 227 ocrnvmuus.
526 179 739 228 ιιιιι-ιι,
850 181 884 231 er

80 308 110 358 et
122 301 277 372 disciplina
287 303 392 370 domus,
403 303 515 356 sustuna
527 305 660 355 destituit.
693 305 787 370 iulias,
800 307 885 360 liliam

80 387 110 431 et
120 386 249 446 neptem,
261 376 387 430 omnibns
397 381 506 448 probris
518 381 732 444 contaminatas,
743 381 883 449 relegavit.

81 454 186 504 Gaium
207 459 235 509 et
248 453 365 506 Lucium
384 456 414 506 in
435 455 625 521 duodeviginti
644 456 777 506 mensium
793 460 883 524 spatio

82 530 183 580 amisit
194 529 299 593 ambos,
312 529 380 582 Caio
391 527 524 598 inLycia,
534 529 624 581 Lucio
634 529 779 582 Massiliae
790 531 883 584 defun-

83 605 148 654 ctis.
189 600 314 655 Tertium
328 611 455 673 nepotem
467 607 628 673 Agrippam,
649 605 785 674 simulque
801 609 883 674 privi·

81 692 171 746 gnum
182 675 325 735 Tiberium
340 679 485 748 adoptavit
497 682 526 732 in
541 681 604 731 foro
615 680 675 746 lege
686 682 802 734 curiata.
841 682 884 734 Ex

75 752 188 822 'quibus
197 753 346 821 Agrippam
356 756 434 806 brevi
444 755 479 806 ob
492 756 632 823 ingenium
648 755 789 807 sordidum
802 773 834 808 ac
844 757 883 810 fe·

83 843 138 878 rox
160 825 314 893 abdicavit,
330 832 510 899 ‘seposuitque
526 830 694 882 Surrentum
733 831 881 901 Aliquanto

28 965 33 975 ι
83 908 179 954 antem
198 904 349 970 patientius
367 909 495 971 mortem,
518 917 599 974 quam
620 905 756 958 dedecora
770 924 883 960 suorum

82 978 159 1028 tulit.
199 977 271 1028 Nam
282 979 345 1030 Caii
354 977 489 1049 Luciique
501 994 567 1031 casu
576 994 632 1029 non
643 979 713 1030 adeo
724 979 836 1046 fractus,
849 984 883 1034 de

84 1053 144 1104 lilia
155 1049 255 1104 absens
267 1068 300 1106 ac
309 1051 412 1107 libello
415 1070 464 1123 per
474 1059 649 1122 quaestorem
660 1037 776 1106 re'citato
786 1061 882 1106 notum

83 1127 197 1179 senatui
210 1127 289 1192 fecit,
311 1130 501 1203 abstinuitque
517 1142 666 1195 congressu
679 1125 819 1180 bominum
835 1131 883 1182 din

81 1218 152 1272 prae
166 1203 288 1269 pudore;
309 1205 391 1257 etiam
406 1206 439 1256 de
452 1197 577 1256 necanda
593 1203 764 1255 deliberavit.
804 1206 883 1257 Certe

83 1293 170 1346 qruun
180 1278 231 1329 sub
242 1279 314 1330 idem
325 1285 431 1347 tempus
440 1295 496 1331 una
506 1293 539 1331 ex
551 1279 669 1330 consciis
680 1279 788 1344 liberta,
794 1279 882 1332 Phoe

76 1353 126 1418 bc,
138 1353 289 1420 suspendio
299 1355 385 1406 vitam
395 1355 508 1418 finisset,
521 1352 690 1416 Maluissem,
704 1354 751 1420 ait,
763 1351 881 1408 Phoebes

78 1437 188 1494 patrem
192 1425 290 1500 fuisse.
324 1427 473 1497 Relegatae
482 1445 561 1480 usum
571 1429 630 1482 vini
641 1445 801 1499 omnemque
812 1431 879 1483 deli-

82 1503 219 1554 catiorem
230 1502 332 1555 cultum
347 1505 461 1556 ademit:
481 1519 569 1573 neque
584 1503 657 1554 adiri
671 1519 688 1552 a
703 1506 832 1572 quopiam
848 1506 880 1555 li-

81 1577 152 1628 bero
164 1593 310 1648 servoque,
325 1581 419 1631 nisiae
431 1579 571 1643 consulto,
587 1579 724 1648 permisit3
745 1580 835 1642 etita,
850 1587 882 1629 ut

82 1653 187 1704 certior
198 1651 287 1717 lieret,
304 1669 359 1722 qua
368 1655 393 1704 is
404 1661 507 1718 aetate,
522 1669 578 1722 qna
588 1659 694 1704 statura
699 1667 773 1722 ‚quo
786 1653 880 1705 colore

81 1733 168 1792 esset,
190 1727 273 1778 etiam
288 1729 387 1818 quibus
403 1730 528 1796 corporis
542 1729 616 1780 notis
630 1729 675 1780 vel
694 1729 879 1780 cicatricibus.

80 1801 152 1854 Post
163 1803 377 1881 quinquennium
389 1805 496 1856 demum
508 1817 541 1854 ex
551 1803 661 1853 insula
652 1819 681 1852 ιιι
688 1805 879 1866 continentem,

80 1877 290 1946 lenioribusque
304 1869 399 1946 pa'ullo
415 1877 633 1963 conditionibus,
653 1878 797 1928 transtullt
810 1893 879 1928 eam.

82 1951 156 2005 Nam
169 1957 201 2004 ut
216 1953 327 2006 omnino
342 1957 498 2016 revocaret,
520 1951 631 2002 exorari
645 1951 722 2002 nullo
737 1951 820 2002 modo
832 1967 881 2017 po-

84 2028 138 2079 tuit
138 2027 319 2095 ,deprecanti
328 2043 409 2096 saepe
419 2026 523 2097 populo
529 2024 665 2089 Romano,
677 2030 704 2076 et
713 2025 881 2091 pertinacius

81 2103 213 2166 instanti,
235 2104 301 2154 talea
312 2101 389 2174 filias
409 2105 523 2170 talesque
543 2096 667 2169 coniuges
681 2115 731 2167 pro
748 2101 881 2152 concione

80 2179 259 2245 imprecatus.
298 2175 341 2228 Ex
350 2184 435 2246 nepte
448 2178 520 2229 Iulia
534 2181 599 2244 post
608 2175 813 2228 danmationem
823 2175 880 2228 edi-

81 2261 140 2304 tum
154 2250 289 2303 infantem
305 2255 419 2320 agnosci
435 2253 526 2322 alique
540 2251 635 2303 vetuit.
674 2252 824 2320 Agrippam
838 2253 880 2301 ui-

81 2326 140 2380 hilo
151 2325 380 2393 tractabiliorem,
391 2328 447 2378 imo
458 2328 557 2378 indies
568 2327 756 2389 amentiorem,
765 2328 795 2376 in
805 2327 879 2374 insu-

80 2401 136 2454 lam
151 2403 365 2468 transportavit,
387 2402 526 2471 sepsitque
539 2403 651 2468 insuper
666 2400 794 2452 custodia
807 2399 879 2448 mili-

80 2483 147 2530 tum.
189 2477 271 2528 cavit
281 2475 363 2528 etlam
374 2482 486 2529 senatus
498 2477 637 2540 consulto,
657 2481 690 2525 ut
703 2474 799 2525 eodem
814 2471 878 2522 loco

78 2554 284 2621 inperpetuum
296 2553 495 2613 contineretur3
516 2557 598 2619 atque
613 2550 648 2600 ad
664 2563 771 2598 omnem
783 2552 810 2596 et
820 2547 879 2596 eius

79 2620 879 2701 etluliarummentionemingemiscens,proclamareetiam

77 2703 200 2760 solebat‘
