2050 3034
296 225 485 274 TIBERIUS.
523 227 593 272 GAP.
610 227 691 271 2-4.
843 226 893 277 itt

94 346 164 398 adeo
175 347 316 398 violentas
326 354 354 398 et
364 355 552 411 contumaces,
573 354 605 398 ut
618 363 652 398 ne
667 347 767 414 capitis
782 350 892 415 quidem

92 423 241 490 quisquam
251 436 315 472 reus
326 423 400 489 apud
413 421 547 490 populum
557 427 666 473 mutare
675 428 778 473 vestem
789 430 838 474 aut
847 425 893 477 da·

90 497 202 563 precari
215 496 390 559 sustinuerit3
413 497 541 548 nonnulli
553 497 583 547 in
598 496 778 547 altereatione
797 505 825 549 et
837 498 893 549 iur·
995 531 999 538 -

90 570 137 637 gio
148 570 279 622 tribunos
289 571 378 637 plebis
389 571 567 638 pulsaverint.
600 570 694 622 Etiam
704 572 783 638 virgo
793 570 892 624 Vesta·

91 645 125 696 lis
140 644 270 707 fratrem,
289 645 399 696 iniussu
412 646 511 712 populi
527 643 754 713 triumphantem,
776 661 890 698 ascenso

90 720 175 770 sinrnl
190 735 274 770 curm
287 721 418 787 usquein
435 720 603 787 Capitolium
619 726 767 788 prosecuta
782 727 836 784 est,
857 737 891 774 ne

90 799 185 845 vetare
196 800 246 844 ant
254 794 424 846 intercedere
434 793 479 844 las
490 795 618 861 cuiquam
629 795 803 847 tribunorum
808 802 889 848 esset.

147 867 195 919 ill.
215 867 259 920 Ex
274 867 327 920 hac
340 870 427 936 stirpe
437 869 566 920 Tiberius
577 869 680 922 Caesar
694 885 779 938 gensis
794 869 890 935 trahit,

89 949 117 994 et
131 943 246 1010 quidem
259 949 418 1010 utrumque3
442 949 587 1010 paternum
607 959 625 994 a
638 944 753 998 'liberio
768 945 888 1008 Nerone,

89 1024 244 1068 maternum
260 1019 295 1070 ab
306 1019 394 1085 Appio
406 1017 541 1081 Pulchro,
563 1019 611 1084 qui
621 1019 703 1068 ambo
714 1019 797 1084 Appii
808 1019 891 1071 Caeci

89 1092 141 1142 lilii
150 1091 273 1144 fuerunt.
312 1093 432 1144 insertus
443 1099 486 1144 est
496 1098 523 1144 et
533 1091 677 1142 Liviorum
688 1090 826 1156 familiae,
842 1093 889 1142 ad·

89 1171 188 1233 optato
204 1167 235 1217 in
250 1181 311 1220 eam
326 1174 451 1220 materno
466 1182 528 1218 avo.
569 1166 646 1227 Quae
661 1165 783 1230 faruilia,
804 1182 888 1234 quan-

87 1256 173 1309 quam
183 1241 307 1308 plebeia,
322 1248 415 1294 tamen
424 1243 524 1310 etipsa
534 1241 684 1293 admodum
695 1240 803 1306 ssonrit,
824 1237 887 1293 octo

88 1315 296 1381 commatibus,
312 1319 434 1368 censuris
445 1317 562 1381 duabsu,
572 1313 718 1383 triumphis
729 1316 832 1381 tribus,
848 1317 889 1367 di·

88 1396 199 1450 ctatura
209 1390 294 1442 etiarn
305 1406 339 1443 ac
348 1391 508 1458 magisterio
524 1391 647 1458 eqtdtum
662 1389 812 1454 honorata3
834 1391 889 1443 cla·

88 1481 121 1516 ra
132 1471 160 1516 et
169 1465 325 1532 insignibus
335 1466 402 1518 viris
407 1504 415 1531 ,
432 1481 465 1518 ac
478 1467 597 1516 maxime
609 1465 766 1518 Salinatore
777 1466 889 1518 Drusis-

88 1555 155 1607 que.
194 1539 335 1594 Salinator
348 1541 490 1593 universas
505 1541 638 1592 triburin
653 1556 768 1591 censius
781 1541 890 1591 notarit

89 1613 214 1666 levitatis
222 1617 341 1680 nombre,
353 1615 441 1683 qnod,
453 1631 536 1683 quum
546 1631 577 1667 se
586 1620 650 1682 post
660 1616 780 1682 priorem
791 1629 889 1665 consu·

87 1690 177 1740 latum
187 1689 291 1742 mulcta
300 1691 426 1758 irrogata
436 1691 675 1754 condemnassent,
687 1689 828 1742 consulem
838 1689 888 1739 ite-

88 1757 151 1816 rum
164 1764 367 1832 censoremque
376 1765 515 1817 fecissent.
555 1763 676 1828 Drusus,
687 1764 808 1816 hostium
819 1764 888 1815 duco

89 1839 202 1890 Dratsso
214 1840 339 1892 cominus
349 1839 502 1903 trucidato,
523 1839 579 1890 sibi
589 1839 762 1906 posterisque
773 1839 831 1889 suis
842 1853 887 1888 co-

87 1930 208 1983 gnomen
221 1915 336 1966 inuenit.
375 1913 509 1965 Traditur
529 1913 612 1964 etiam
633 1926 683 1978 pro
704 1917 834 1978 praetore
854 1924 888 1961 ex

87 1989 235 2057 provincia
245 1987 341 2042 Gallia
350 1988 478 2042 retulisse
489 2001 599 2050 aurum,
616 1985 771 2037 Senonibus
782 1984 849 2034 olim
859 1983 889 2032 in

87 2065 237 2116 obsidione
249 2064 384 2132 Capitolii
394 2064 502 2127 domm,
517 2077 580 2125 nec,
595 2066 627 2111 ut
636 2059 712 2111 lanta
723 2065 776 2122 est,
798 2062 889 2108 extor-

87 2145 145 2190 tum
156 2153 175 2190 a
186 2138 316 2192 Camillo.
349 2138 417 2190 llius
429 2139 559 2205 abnepos,
571 2137 607 2187 ob
618 2135 747 2187 eximam
758 2132 889 2183 adversus

88 2211 233 2266 Gracchos
245 2228 358 2280 operam
364 2221 496 2280 patronus
509 2219 616 2263 amatus
632 2210 735 2273 dimus,
751 2208 837 2258 filium
848 2221 889 2256 re·

88 2288 183 2356 liquit,
206 2303 301 2355 quem,
320 2288 350 2340 in
365 2288 451 2338 simili
466 2286 637 2338 dissensione
647 2285 735 2336 multa
745 2283 822 2335 varic
833 2293 890 2328 mo-

88 2363 209 2427 lientem,
222 2362 333 2416 diversa
342 2362 428 2414 factio
440 2377 489 2428 per
498 2359 623 2412 frarrdem
633 2357 782 2411 interemit.
859 2422 866 2436 ν

142 2436 191 2489 Ν.
212 2436 298 2488 Pater
317 2452 382 2488 vero
404 2433 523 2498 Tiberii,
549 2439 679 2500 quaestor
700 2433 730 2483 G.
753 2428 890 2484 Caesaris,

87 2511 278 2564 Alexandrino
292 2511 366 2564 bello
383 2509 467 2561 classi
480 2509 670 2574 praepositus,
690 2502 840 2570 plurimun
856 2494 890 2543 ad

87 2587 238 2640 victoriam
254 2585 380 2637 contulit.
421 2583 513 2643 nuere
529 2587 556 2632 et
570 2579 696 2646 pontifex
710 2578 740 2626 in
755 2574 848 2623 locum
859 2565 890 2614 P.

87 2661 232 2730 Scipionis
241 2660 421 2721 substitutus,
442 2661 470 2707 et
484 2654 521 2704 ad
535 2651 710 2705 deducendas
724 2649 754 2698 in
770 2641 891 2694 Galbam

88 2737 232 2799 colonias,
246 2735 276 2786 in
288 2739 348 2801 qm's
359 2731 454 2784 Narbo
466 2734 493 2780 et
502 2726 612 2779 Arelate
623 2731 713 2788 erant,
729 2721 831 2774 nrissus
842 2719 891 2764 est.

635 2819 657 2863 ll
668 2820 684 2862 2
