2036 3022
160 283 210 338 246
435 285 461 329 G.
484 280 671 339 susronu

162 413 241 464 Certe
252 410 378 462 omnibus
389 423 479 462 remor
489 409 688 476 verbonlmque
699 405 875 459 coutumeliis
885 423 958 459 mor-

160 496 238 540 tuum
251 487 401 538 insectatus
411 490 465 550 est,
476 483 558 535 modo
570 483 716 548 stultitiae,
727 483 812 534 modo
824 484 958 535 saevitiae

163 578 288 632 arguens.
327 561 398 613 Nam
409 567 436 612 et
446 558 547 611 morari
555 575 616 612 eum
626 559 697 610 inter
707 557 833 610 homines
845 559 956 620 desisse,

163 638 299 708 producta
318 637 407 705 prima
427 635 549 702 syllaba,
569 635 728 686 iocabatur:
749 634 894 703 multaque
914 635 955 686 de·

164 720 238 766 creta
258 718 285 764 et
305 712 467 774 constituta,
482 715 513 761 nt
527 710 683 776 insipientis
698 714 780 778 atque
796 707 891 773 deliri,
907 724 955 776 pro
1011 767 1012 770 Ἴ

162 789 250 840 irritis
264 785 368 838 habuit.
408 785 533 853 Denique
542 786 652 836 bustum
667 784 725 835 eius
737 785 889 853 consepiri,
904 785 958 835 nisi

163 862 261 913 humili
270 860 377 929 levique
388 861 520 925 maceria,
531 859 659 927 neglexit.
689 859 890 923 Britannicum,
902 875 957 912 non
1011 925 1012 928 Ἴ

162 938 252 988 nrinus
263 936 447 988 aemulatione
456 936 545 1000 vocis,
561 951 630 1002 quae
645 934 688 985 illi
701 935 851 998 iucundior
861 950 958 1002 suppe-

163 1014 250 1076 tebat,
271 1027 352 1080 quam
373 1020 459 1075 metu,
479 1027 513 1062 ne
534 1010 699 1079 quandoque
720 1010 793 1077 apud
814 1009 955 1062 hominum

162 1089 281 1156 gratiam
296 1093 410 1155 paterna
429 1085 562 1138 memorie
582 1084 764 1152 praevaleret,
784 1101 891 1138 veneno
913 1101 958 1153 ag-

162 1179 271 1231 gressus
291 1169 341 1215 est.
375 1162 463 1223 Quod
483 1166 623 1227 acceptum
644 1175 661 1210 a
681 1160 799 1227 quadam
820 1159 957 1223 Locusta,

161 1239 371 1290 venenariornm
384 1237 494 1300 inclita,
515 1250 598 1303 quum
613 1235 743 1302 opinione
756 1236 867 1286 tardius
882 1235 957 1288 cede-

162 1320 216 1378 ret,
231 1320 325 1366 veutre
339 1313 422 1365 modo
439 1310 593 1362 Britannici
608 1315 683 1362 moto
696 1327 703 1374 ;
724 1311 887 1362 arcessitam
902 1327 957 1362 nru-

162 1390 258 1440 lierem
269 1405 319 1440 sua
330 1402 413 1439 manu
423 1386 589 1449 verberavit,
601 1401 726 1453 arguens,
738 1401 789 1453 pro
800 1402 908 1439 veneno
919 1403 959 1437 re-

163 1465 282 1516 medium
304 1463 419 1514 dedisse.
458 1461 677 1528 Excusantiqne‚
698 1462 787 1513 minus
809 1461 906 1513 datum
926 1461 959 1511 ad

165 1539 356 1592 occultandam
366 1537 499 1589 facinoris
508 1535 655 1600 invidiam,
667 1535 748 1599 Sane,
759 1537 866 1605 inquit,
878 1538 960 1606 legem

163 1614 260 1667 lulium
276 1614 374 1666 nmen.-
394 1613 538 1680 coegitque
549 1627 578 1663 se
590 1627 682 1664 coram
697 1612 726 1662 in
737 1611 866 1664 cubiculo
879 1628 959 1680 quam

163 1695 258 1758 posset
285 1688 489 1739 velocissimum
519 1702 551 1738 ac
579 1693 806 1754 praesentaneum
831 1703 958 1755 coquere.

137 1809 140 1815 .
164 1763 271 1816 Deinde
285 1764 314 1813 in
329 1761 417 1814 haedo
429 1768 568 1829 expertus,
584 1768 731 1829 postquam
744 1762 769 1812 is
779 1763 903 1832 quinque
914 1761 961 1814 ho·

163 1855 209 1900 ras
225 1839 374 1906 protraxit,
394 1839 493 1889 iterum
509 1853 541 1888 ac
556 1838 666 1904 saepius
680 1845 821 1888 recoctum
835 1838 959 1905 porcello

165 1916 275 1967 obiecit.
297 1915 358 1975 Quo
370 1915 463 1964 statim
475 1913 641 1975 exanimato,
651 1911 749 1963 inferri
758 1913 787 1962 in
797 1913 959 1975 triclinium,

165 1991 279 2058 darique
295 1991 424 2041 coenanti
438 2004 530 2039 secum
544 1986 704 2038 Britannico
726 1988 884 2054 imperavit.
927 1987 961 2038 Et

165 2083 248 2135 quum
262 2065 310 2116 ille
326 2065 361 2114 ad
376 2064 493 2134 primum
507 2069 615 2130 gustum
633 2062 812 2127 concidisset,
824 2063 961 2115 comitiali

165 2141 261 2192 morbo
284 2156 316 2190 ex
337 2138 533 2190 consuetudine
555 2143 709 2205 eorreptrmr
733 2137 808 2204 apud
829 2140 960 2191 convivas

156 2217 322 2278 ementitus,
336 2220 448 2282 postero
460 2213 505 2263 die
515 2213 615 2279 raptim
625 2213 697 2264 inter
706 2213 844 2268 maximos
860 2215 962 2266 imbres

164 2291 337 2358 translaticio
359 2289 457 2340 extulit
474 2287 579 2338 funeress
627 2287 767 2340 Locustae
785 2303 838 2355 pro
860 2295 963 2341 navata

167 2383 251 2433 opera
265 2365 456 2433 impunitatem
468 2363 636 2432 praediaque
652 2363 757 2431 ampla,
773 2363 823 2416 sed
837 2371 868 2416 et
882 2365 963 2416 disei-

165 2442 246 2508 pulos
258 2441 341 2492 dedit.

202 2513 328 2566 XXXIV.
348 2513 479 2577 Matrem,
491 2513 565 2564 dieta
574 2513 701 2581 laetaque
713 2529 763 2565 sua
774 2515 963 2582 exquirentem

165 2590 291 2640 acerbius
302 2595 329 2640 et
339 2589 529 2657 corrigentem,
540 2586 671 2640 haetenus
681 2589 770 2656 primo
782 2592 962 2656 gravabatur,

164 2671 195 2713 ut
208 2665 314 2714 invidia
327 2663 477 2716 identidem
491 2669 631 2728 oneraret,
643 2665 724 2731 qnasi
734 2679 863 2716 cessruus
878 2667 962 2735 impe·

164 2737 207 2787 rio
219 2735 399 2805 Rhodumque
410 2739 547 2790 abiturum
559 2754 624 2790 mox
634 2745 662 2790 et
671 2737 776 2791 honore
787 2741 866 2792 omni
876 2747 906 2794 et
914 2756 961 2810 pe·

166 2813 264 2860 testate
274 2811 405 2876 privarit3
417 2813 588 2879 abduetaque
598 2813 715 2866 militum
727 2819 754 2866 et
759 2813 960 2869 Germanorum
