2050 3034
155 249 205 302 1⁷6
436 252 462 297 C.
484 250 670 298 SUETONH

156 375 286 432 rationem
296 391 449 446 repurgare
463 376 580 428 dicebat.
621 374 711 427 Gallis
722 373 893 445 Graecisque
903 377 953 430 ali-

157 461 288 523 quotuno
299 459 422 520 tempore
437 451 636 515 condemnatis,
658 451 846 517 gloriabatur,
866 452 951 504 Gallo·

154 528 291 598 graeciam
301 545 328 580 se
338 527 477 596 subegisse.

211 627 299 678 XXX.
320 626 382 678 Non
391 631 493 676 temere
502 626 532 676 in
547 639 722 692 quemquam,
743 626 799 677 nisi
810 628 915 679 crebris
926 635 952 679 et

154 703 267 753 nrmutis
277 702 387 764 ictibus,
395 700 577 752 animadverti
587 715 684 767 passus
695 705 745 762 est,
757 707 892 767 perpetuo
903 719 950 754 no-

154 784 239 844 toque
248 777 304 826 iam
315 781 474 842 praecepto:
494 773 606 845 itaferi,
618 783 649 825 ut
658 790 684 825 se
695 775 764 824 mori
773 775 881 828 sentim.
898 777 951 828 Pu-

154 853 213 902 nito
224 867 272 918 per
283 865 403 901 errorem
413 851 533 901 nominis
544 850 614 912 alio,
636 864 718 915 quarn
734 865 814 916 quem
831 851 951 903 destina-

154 930 239 990 verat,
249 926 339 993 ipsum
351 940 460 993 quoque
470 925 550 992 paria
561 925 692 976 meruisse
704 923 783 974 dixit.
799 925 950 993 Tragicum

153 999 223 1051 illud
234 1001 348 1052 subinde
358 1000 490 1063 iactabat,

304 1090 423 1155 Oderint,
435 1092 496 1142 duee
505 1091 632 1142 nte'tucnt.
642 1119 679 1129 -
688 1117 726 1128 --
735 1117 773 1129 -

153 1185 241 1252 Saepe
250 1185 279 1235 in
291 1191 404 1236 cunctos
414 1183 519 1250 pariter
528 1188 679 1246 senatores,
685 1189 715 1234 ut
721 1182 816 1234 Seiani
826 1184 951 1250 clientes,

151 1261 248 1311 matris
268 1275 302 1310 ac
320 1258 434 1310 fratrum
451 1273 563 1308 suorum
579 1257 730 1321 delatores,
750 1259 876 1310 invectus
896 1267 950 1324 est;

152 1335 269 1401 prolatis
280 1334 390 1398 libellis,
403 1349 472 1400 qnos
484 1339 619 1384 crematos
630 1333 817 1398 simulaverat,
824 1334 949 1386 defensa-

152 1425 204 1475 que
214 1409 321 1458 Tiberii
331 1409 460 1471 saevitia,
477 1409 558 1474 quasi
568 1408 736 1471 necessaria,
749 1424 832 1476 quum
843 1415 887 1460 tot
899 1412 949 1462 cri-

151 1483 319 1534 minantibus
334 1483 497 1534 oredendum
513 1489 593 1534 esset.
632 1481 793 1550 Equestrem
814 1477 949 1549 ordinem,
1010 1537 1011 1542 ,

151 1565 182 1608 ut
192 1574 289 1610 scenae
300 1573 453 1625 arenaeque
464 1557 601 1621 devotum,
614 1557 724 1608 assidue
735 1559 881 1626 proscidit.
907 1561 949 1611 ln-

152 1633 244 1683 lensus
254 1634 360 1695 turbae,
371 1632 476 1682 faventi
486 1632 616 1682 adversus
627 1633 748 1684 studium
759 1648 848 1697 suum,
858 1633 949 1686 excla-

151 1708 248 1756 mavit:
271 1705 379 1756 Utinam
389 1707 501 1774 popalus
515 1705 650 1758 Romanus
663 1723 743 1758 unam
759 1707 885 1760 cervicem
902 1710 948 1760 ba-

152 1780 237 1832 beret!
266 1781 410 1850 Quumque
420 1782 560 1832 Tetrinius
571 1781 643 1832 latro
655 1782 855 1849 postularetur,
868 1785 952 1852 etqui

146 1857 324 1924 poeniterent,
350 1854 482 1908 Tetrinios
506 1873 572 1918 esse,
603 1857 651 1908 ait.
690 1855 808 1908 Retiarii
830 1860 951 1912 tunicati

151 1933 270 2000 quinque
280 1947 393 1986 numero
404 1933 538 2000 gregatim
549 1931 720 1996 dimicantes,
726 1933 786 1983 sine
797 1935 948 1985 certamine

149 2007 207 2058 ullo
218 2007 333 2059 totidem
345 2008 517 2060 secutoribus
528 2007 739 2057 succubuerant:
760 2023 844 2073 quum
857 2010 947 2060 occidi

149 2083 320 2147 iuberentur,
335 2099 417 2147 rmus,
434 2085 573 2148 resumpta
582 2080 703 2145 fuscina,
721 2097 815 2133 omnes
826 2084 948 2136 victores

149 2157 295 2208 interemit.
335 2157 415 2208 Hanc
429 2162 460 2206 ut
474 2155 692 2206 crudelissimam
703 2157 816 2208 caedem
828 2164 856 2209 et
867 2159 947 2211 defle-

149 2231 190 2280 vit
200 2230 303 2295 edicto,
325 2238 352 2283 et
366 2247 427 2296 eos,
449 2231 496 2297 qui
506 2236 630 2298 spectare
641 2232 849 2297 sustinuissent,
871 2249 948 2286 exse·

150 2310 301 2356 cratusest.

204 2396 305 2448 XXXI.
327 2398 412 2459 Queri
422 2397 504 2449 etiam
514 2398 606 2466 palam
622 2398 655 2449 de
671 2399 831 2452 conditione
841 2405 948 2469 tempo-

148 2486 208 2522 rum
219 2487 331 2525 suorum
347 2473 465 2538 solebat,
487 2474 562 2541 quod
576 2472 659 2526 nullis
674 2471 883 2526 calamitatibus
898 2493 948 2545 pu-

148 2546 229 2598 blicis
243 2549 451 2616 insignirentur:
471 2549 587 2616 Augusti
601 2547 785 2616 principatum
797 2549 882 2605 clade
891 2550 948 2603 Va·

116 2621 120 2630 '
149 2621 240 2686 nana,
255 2625 375 2690 liberii,
396 2626 476 2678 ruina
490 2622 709 2692 spectaculorum
726 2624 799 2692 apud
813 2624 946 2690 Fidenas,

148 2699 353 2750 memorabilem
364 2701 480 2762 fecurm3
496 2700 540 2752 sui
551 2699 716 2750 oblivionem
726 2699 873 2754 imminere
882 2717 946 2768 pro-

149 2772 279 2834 speritate
292 2786 392 2829 rerum.
430 2777 519 2844 Atque
533 2774 683 2829 identidem
698 2775 870 2830 exercituum
884 2791 945 2830 rae·
