2050 3034
288 195 477 244 rrnnruos.
512 197 725 244 cnam-m.
853 199 904 256 nt

101 321 245 386 nonnulli,
267 321 409 390 pulvinum
418 322 563 385 iniectum,
585 337 668 390 quum
683 328 836 376 extromum
850 327 905 382 sibi

101 398 245 450 deficienti
255 397 394 461 annulum,
406 412 470 456 mox
480 397 655 464 resipiscens,
666 399 837 466 requisisset.
857 401 903 452 Se.

99 489 171 526 neca
181 487 245 525 eum
255 473 360 537 scribit,
370 471 511 524 intellecta
522 471 685 536 delectione,
692 480 846 542 exemptum
857 489 903 526 an-

99 549 210 612 nulum,
226 549 308 616 quasi
319 548 404 598 alicui
413 547 593 612 traditurum,
609 563 757 617 parumper
766 550 902 601 tentiisse:

100 625 166 675 dein
176 637 273 674 rursus
284 629 394 691 aptasse
405 623 503 690 digito,
515 629 543 674 et
552 639 709 690 compressa
720 623 833 676 sinistra
844 640 901 676 ma·

99 714 139 749 nu
149 699 271 750 iacuisse
282 697 331 749 diu
340 699 524 761 immobilem,
544 698 691 766 subitoque
701 699 809 751 vocatis
820 700 899 752 mmi-

100 773 176 838 stris,
189 789 223 824 ac
232 774 341 825 nemine
351 773 543 841 respondente,
555 774 825 840 consurrexisse,nec
835 792 899 844 pro·

101 849 174 899 cula
185 848 289 900 lectulo
300 849 490 900 deficientibus
500 848 606 899 vitibus
617 849 780 902 concidisse.

156 922 284 975 LXXIV.
306 923 438 990 Supremo
449 922 538 974 natali
548 939 598 974 suo
609 923 763 991 Apollinem
774 926 898 980 'lemani-

100 1003 154 1050 tem
160 1037 168 1062 ,
190 1004 218 1050 ct
228 998 418 1066 amplitudinis
429 1006 457 1050 et
467 999 536 1049 artis
547 997 678 1061 eximiae,
694 998 836 1050 advectum
848 1001 899 1067 Sy-

83 1123 87 1128 .
100 1075 223 1138 racusis,
241 1079 273 1124 ut
282 1075 311 1124 in
321 1071 492 1126 bibliotheca
501 1072 569 1124 novi
577 1071 674 1140 templi
684 1079 845 1138 poneretur,
860 1076 899 1126 vi-

100 1148 181 1200 derat
189 1165 241 1216 per
250 1150 369 1216 quietem
383 1150 563 1199 affirmantem
577 1147 644 1211 sibi,
665 1145 725 1199 Non
735 1164 853 1216 possete
867 1149 899 1200 al

99 1223 156 1290 ipso
168 1223 294 1278 dedicari.
333 1223 558 1292 Etantepaucos
574 1237 656 1290 quam
672 1223 762 1275 obiret
773 1223 831 1276 dies
841 1229 899 1276 tur·

99 1299 140 1348 ris
155 1297 237 1366 phari
251 1304 341 1350 terrae
355 1304 433 1350 motu
448 1298 561 1366 Capreis
576 1297 706 1350 concidit.
744 1299 784 1350 Ac
796 1299 899 1351 Miseni

101 1373 171 1424 cinis
186 1390 201 1424 e
215 1373 314 1426 fovilla
328 1380 355 1426 et
370 1374 536 1425 carbonibus
551 1372 586 1423 ad
601 1373 801 1425 calfaciendum
810 1375 897 1426 tricli-

99 1448 179 1498 nium
187 1449 288 1513 illatis,
304 1449 467 1512 exstinctus,
484 1454 511 1500 et
520 1449 576 1498 iam
588 1447 636 1498 diu
645 1447 776 1515 frigidus,
794 1453 898 1502 exarsit

100 1528 213 1590 repente
223 1524 312 1591 prima
321 1536 451 1592 vespera,
461 1530 543 1591 atque
553 1524 583 1574 in
593 1523 707 1574 multam
717 1530 825 1574 noctem
836 1541 896 1592 per-

99 1597 229 1650 tinaciter
239 1600 318 1650 luxit.

132 1723 134 1728 .
158 1672 271 1726 LXXV.
290 1673 382 1725 Morte
397 1674 456 1724 eius
470 1675 511 1725 ita
525 1673 644 1726 laetatos
659 1679 702 1726 est
714 1673 846 1743 populus,
866 1681 898 1726 nt

103 1747 138 1799 ad
148 1750 266 1818 primunr
276 1749 404 1800 nuncium
416 1749 612 1812 discurrentes,
627 1764 705 1816 pars,
723 1747 858 1801 libertum
868 1751 897 1802 in

104 1821 234 1887 Tiberim,
247 1824 432 1886 clamitarent;
451 1839 516 1890 pars
534 1821 646 1872 Terram
660 1832 771 1874 matrem
786 1825 896 1890 deosque

101 1896 196 1950 Manes
208 1908 327 1961 orarent,
348 1915 381 1950 ne
394 1906 497 1948 rnortno
513 1897 598 1948 sedem
611 1897 691 1946 ullam
706 1895 759 1947 nisi
768 1895 838 1948 inter
847 1898 895 1948 ins-

95 1973 155 2042 pice
166 1974 259 2026 darent
264 1989 279 2036 ,⁸
298 1975 348 2025 alii
361 1987 461 2024 uncum
473 1977 500 2024 et
510 1971 659 2023 Gemonias
672 1970 799 2036 cadaveri
809 1973 896 2022 mirra-

98 2054 205 2114 rentur,
221 2049 379 2101 exacerbati
394 2065 476 2116 super
485 2047 645 2100 memoriam
656 2045 790 2115 pristinae
801 2047 895 2100 crude·

98 2123 187 2175 litatis
198 2125 280 2176 etiam
291 2123 396 2176 recenti
407 2125 562 2175 atrocitate.
600 2121 673 2178 Nam
688 2137 772 2191 quum
783 2127 894 2174 senatus

99 2199 225 2251 consulto
238 2206 348 2251 cautum
360 2205 443 2262 esset,
463 2205 495 2250 ut
504 2213 594 2267 poena
605 2197 798 2251 damnatorum
807 2198 837 2250 in
848 2200 893 2252 de-

99 2275 198 2325 cimum
208 2291 315 2342 semper
326 2274 398 2325 diem
409 2272 573 2338 differretur,
579 2273 651 2326 forte
663 2274 773 2338 accidit,
784 2280 816 2325 ut
826 2290 893 2341 quo-

7 2415 8 2420 *
97 2349 354 2419 nmdamsupplicii
364 2349 457 2400 diesis
468 2355 552 2414 esset,
564 2364 619 2416 quo
630 2350 790 2401 nunciatum
801 2348 834 2399 de
845 2349 893 2398 Ti·
984 2405 991 2416 ¹

97 2423 174 2477 berio
186 2431 254 2478 crat.
293 2425 355 2476 Hos
364 2424 544 2491 implorantes
554 2422 696 2475 hominum
707 2423 801 2486 fidem,
817 2423 892 2491 quia,

8 2559 9 2562 Ἴ
99 2499 210 2552 absente
221 2498 311 2566 adhuc
322 2501 404 2563 Caio,
420 2513 499 2549 nemo
511 2499 649 2562 exstabat,
665 2499 713 2564 qui
728 2497 801 2546 adiri
809 2497 892 2548 inter-

97 2575 250 2643 pellarique
259 2580 362 2644 posset,
374 2572 515 2636 custodes,
526 2589 560 2623 nc
572 2572 638 2639 quid
649 2573 780 2622 adversus
791 2571 892 2621 consti-

97 2655 184 2702 tutum
204 2651 339 2714 iacerent,
360 2646 612 2714 strangulaverunt,
634 2645 845 2710 abieceruntque
863 2645 892 2693 in

101 2723 258 2780 Gemonias.
299 2724 390 2776 Crevit
399 2723 485 2791 igitur
495 2718 613 2782 invidia,
635 2717 716 2788 quasi
731 2718 814 2768 etiam
828 2725 893 2789 post
