2036 3022
302 273 409 321 Nouo.
446 275 516 321 GAP.
534 275 648 321 12-15.
825 271 874 326 233

75 395 266 467 spectaculum
294 399 421 451 invitavit
444 405 472 451 et
500 399 620 466 virgines
643 397 784 464 Vestales,
810 403 875 468 quia

76 473 225 542 Olympiae
237 488 345 542 quoque
357 475 462 527 Cereris
472 475 664 526 sacerdotibus
675 479 799 543 spectare
811 491 874 526 con-

76 547 192 600 ceditur.

131 623 214 674 xlii..
228 623 291 675 Non
305 625 441 679 immerito
456 626 528 678 inter
537 627 696 694 spectacula
707 628 741 678 ab
753 642 786 679 eo
798 626 873 677 edita

76 704 102 750 et
116 697 254 748 Tiridatis
267 698 297 750 in
310 699 410 752 Urbem
428 702 572 752 introitum
590 703 739 754 retulerim.
785 702 872 763 Quem

75 774 221 826 Armeniae
236 789 326 842 regem
346 777 452 842 ningnis
472 777 722 843 pollicitationibus
737 776 871 830 sollicita-

76 855 145 912 tum,
163 864 246 915 quum
259 848 396 901 destinato
408 865 456 916 per
466 851 585 903 edictum
596 853 640 905 die
652 860 811 905 ostensurus
822 869 870 922 po-

75 923 140 992 pulo
157 928 270 991 propter
283 924 406 977 nubilum
422 924 586 990 distulisset,
601 927 744 994 produxit,
756 944 810 996 quo
823 943 870 994 op·

75 997 272 1068 portunlssirnc
297 1001 398 1068 potuit,
425 1000 568 1068 dispositis
593 1001 666 1052 circa
689 1002 745 1053 lori
768 1002 871 1069 templa

76 1075 191 1126 armatis
216 1073 393 1140 cohortibus,
424 1075 513 1127 curuli
536 1076 658 1131 residens
684 1076 756 1142 apud
779 1082 871 1126 rostra

75 1147 270 1218 triumphantis
285 1147 393 1214 habitu,
405 1151 476 1202 inter
491 1151 570 1217 signa
584 1151 716 1201 militaria
731 1157 813 1219 atque
827 1167 870 1201 ve-

74 1225 163 1275 xilla:
184 1230 212 1277 et
231 1226 319 1293 primo
340 1242 388 1294 per
409 1226 540 1278 devexum
559 1225 694 1293 pulpitum
711 1226 869 1277 subeuntem

76 1298 190 1350 admisit
205 1300 239 1348 ad
254 1315 355 1368 genua,
371 1300 572 1366 allevatumque
584 1301 680 1351 dextra
695 1301 871 1352 exosculatus

75 1379 130 1437 est;
143 1373 207 1425 dein
218 1377 353 1442 precanti,
364 1376 437 1426 tiara
449 1374 578 1439 deducta,
591 1375 718 1426 diadema
728 1377 869 1443 imposuit,

73 1449 160 1502 verba
175 1449 307 1516 supplicis
322 1451 502 1519 interpretata
517 1451 657 1518 praetorio
672 1452 732 1502 viro
748 1451 869 1503 multitu-

74 1525 136 1576 dini
146 1525 353 1593 pronunciante.
392 1523 557 1578 Perductmn
567 1526 630 1578 inde
641 1527 669 1576 in
680 1523 825 1590 theatrum,
837 1542 870 1577 ac

72 1615 171 1651 rursus
185 1600 396 1667 supplicantem,
410 1601 490 1652 irixta
504 1616 533 1652 se
544 1600 629 1652 latere
641 1601 736 1652 dextro
749 1601 868 1652 colloca-

72 1676 122 1727 vit.
165 1675 206 1726 (lb
218 1690 287 1743 quae
296 1675 447 1742 imperator
458 1676 660 1740 consalutatus,
672 1677 768 1730 laurea
776 1676 806 1727 in
818 1676 868 1725 Ca-

71 1749 203 1818 pitolium
228 1748 297 1814 lato,
321 1750 417 1800 lanum
440 1750 577 1818 geminum
601 1752 713 1816 clausit,
737 1758 868 1820 tanquam

71 1825 150 1878 nullo
162 1825 273 1877 residuo
284 1825 368 1876 bello.

128 1899 203 1951 XIV.
225 1898 390 1952 Consulatus
405 1905 524 1969 quatuor
538 1901 639 1968 gessit:
654 1901 770 1967 primum
784 1901 869 1951 bime-

71 1983 170 2046 strem,
187 1975 335 2027 secumdum
350 1983 377 2028 et
391 1976 571 2027 novissimum
586 1981 742 2039 semestres,
757 1976 869 2026 tertium

70 2050 319 2121 quadrimestrem3
339 2051 445 2102 medios
462 2051 532 2102 duos
548 2049 734 2115 continuavit,
745 2049 868 2117 reliquos

69 2129 145 2178 inter
155 2141 246 2178 annua
257 2127 349 2194 spatia
358 2127 485 2178 variavit.

126 2199 191 2254 XV.
219 2201 250 2252 ln
270 2201 460 2253 imisdictione
484 2201 724 2270 postulatoribus,
748 2201 804 2253 uisi
827 2216 868 2252 se-

68 2276 166 2345 quenti
177 2275 223 2328 die
234 2293 267 2328 ac
277 2292 325 2344 per
334 2274 457 2341 libellos,
469 2293 525 2327 non
535 2282 637 2329 temere
647 2276 797 2345 respondit.
836 2276 868 2327 ln

69 2351 265 2420 cognoscendo
276 2366 380 2402 morem
391 2367 452 2401 eum
461 2352 562 2417 tonuit,
577 2358 620 2417 ut,
633 2352 771 2404 continuis
782 2352 868 2403 actio-

67 2428 152 2479 nibus
169 2427 292 2492 omissis,
308 2425 469 2493 singillatim
485 2442 609 2495 quaeque
623 2428 754 2494 pervices
766 2433 867 2494 ageret.

70 2503 189 2564 Quoties
200 2509 291 2554 autem
303 2500 338 2552 ad
349 2499 558 2554 consultandum
570 2503 721 2567 secederet,
737 2517 825 2569 neque
839 2502 868 2551 iu

70 2593 219 2630 commune
234 2578 392 2647 quicquam,
409 2592 496 2644 neque
511 2577 656 2644 propalam
677 2577 867 2636 deliberabam

68 2653 119 2706 sed
135 2661 163 2705 ct
178 2653 349 2720 conscriptas
365 2652 399 2702 ab
414 2666 581 2720 unoquoque
597 2651 747 2702 sententias
766 2652 867 2702 tacitus

68 2745 103 2784 ac
114 2735 222 2781 secreto
233 2727 338 2795 legens,
355 2727 429 2793 quod
439 2726 495 2794 ipsi
505 2725 645 2790 libuisset,
660 2725 774 2795 perinde
785 2731 867 2795 atque

66 2805 197 2872 pluribus
212 2803 283 2855 idem
298 2802 449 2870 videretur,
466 2801 678 2870 pronunciabat.
716 2801 747 2852 ln
763 2801 865 2854 orniam
