2050 3034
281 186 538 234 ocrsvmuus.
575 187 711 232 canos.
804 177 806 182 ’
847 187 899 236 los

95 307 200 376 diuque
216 306 358 377 quaesitus
372 308 484 361 tandem
497 309 526 358 in
543 301 679 358 altissima
692 309 764 360 turri
774 303 899 375 repertus

92 392 144 446 est,
155 385 253 433 iacens
265 389 362 435 contra
372 383 440 434 solis
452 389 587 434 exortum.
614 381 703 442 Quum
715 383 832 449 primum
842 383 896 434 fari

92 459 250 525 coepisset,
262 457 293 508 in
307 458 382 509 avito
398 457 557 508 suburbano
570 457 758 524 obstrepentes
769 455 842 508 forte
853 474 896 508 ra-

89 547 144 583 nas
154 532 240 583 silere
249 531 344 594 iussit3
360 537 442 601 atque
453 547 487 584 ex
497 547 530 582 eo
541 537 676 599 negantur
685 531 726 582 ibi
736 546 820 582 ranae
833 547 895 582 coa·

88 621 169 658 xare.
210 605 252 656 Ad
264 612 390 674 quarurm
406 606 526 674 lapidem
538 606 694 673 Campanae
708 607 784 670 viae,
805 605 835 656 in
849 623 894 658 nc·

88 696 171 732 more
181 681 342 749 prandenti,
354 695 387 732 ex
397 681 549 748 improviso
561 681 656 748 aquila
666 696 764 748 panem
775 682 801 733 ei
812 697 826 732 e
837 696 893 732 nra-

89 771 129 806 nu
139 755 251 822 rapuit,
256 761 284 806 et
294 771 377 824 quum
389 755 523 808 altissime
534 755 683 820 evolasset,
694 771 789 807 trusus
800 770 833 808 ex
844 757 893 806 im·

89 831 207 897 proviso
224 827 323 881 leniter
342 830 457 902 delapsa
475 830 604 882 reddidit.
645 830 678 891 Q.
695 831 809 882 Catulus
829 837 894 898 post

90 905 252 956 dedicatum
278 904 446 972 Capitolium
471 905 578 956 duabus
602 905 740 956 continuis
764 907 893 958 noctibus

89 979 258 1042 somniavit,
269 979 372 1045 prima,
383 979 476 1031 lovem
488 980 627 1046 Optimum
637 978 803 1042 Maximum,
814 995 892 1046 prae·

88 1055 207 1106 tentatis
224 1054 411 1122 compluribus
426 1054 501 1106 eirca
521 1067 598 1102 aram
618 1051 788 1116 ludentibus,
808 1068 893 1104 unum

88 1129 258 1190 secrevisse,
279 1133 362 1195 atque
375 1129 404 1178 in
420 1129 479 1180 eius
495 1128 583 1178 sinum
595 1127 703 1193 signum
713 1125 893 1194 reipublicae,

87 1203 168 1272 quod
177 1217 265 1254 manu
274 1208 406 1270 gestaret,
420 1202 590 1271 reposuisse:
611 1208 641 1253 at
649 1200 818 1270 insequenti,
835 1201 893 1252 ani·

85 1277 273 1328 madvertisse
293 1292 322 1328 se
342 1277 371 1327 in
390 1277 494 1343 gremio
517 1276 670 1343 Capitolini
682 1275 757 1327 Iovis
777 1275 893 1330 etmdem

86 1367 220 1420 puerum;
246 1365 326 1420 quem
341 1367 424 1419 quum
439 1349 547 1403 detrahi
560 1351 700 1414 iussisset,
721 1348 892 1419 prohibitum
933 1378 936 1382 ·

85 1427 200 1478 monitu
210 1424 268 1490 dei,
287 1432 419 1494 tauquam
434 1425 459 1476 is
473 1427 508 1476 ad
522 1426 636 1477 tutelam
647 1426 816 1494 reipublicae
827 1427 892 1480 edu-

87 1507 213 1553 caretur.
250 1501 290 1552 Ac
310 1501 355 1551 die
374 1501 501 1567 proximo
524 1500 635 1552 obvium
655 1499 711 1551 sibi
729 1501 891 1566 Augustum,

87 1590 178 1643 quum
188 1575 358 1642 incognitum
369 1575 440 1626 alias
450 1573 571 1639 baberet,
577 1591 634 1627 non
644 1575 703 1627 sine
708 1573 892 1626 admiratione

88 1650 233 1702 contuitus
243 1649 414 1702 simillimum
424 1650 495 1702 dixit
504 1665 599 1717 puero,
606 1650 640 1703 de
651 1664 704 1718 quo
716 1649 891 1702 somniasset.

90 1725 215 1786 Quidam
225 1725 303 1793 prius
313 1726 449 1778 somnium
456 1726 549 1776 Catuli
559 1725 640 1778 aliter
650 1731 798 1793 exponunt,
811 1724 892 1791 quasi

86 1801 208 1868 Iupiter,
230 1800 418 1868 compluribus
432 1800 613 1868 praetextatis
626 1805 746 1851 tutorem
765 1815 783 1850 a
798 1815 827 1849 se
842 1815 892 1865 po-

87 1875 240 1939 scentibus,
246 1890 330 1926 unum
336 1890 370 1927 ex
379 1875 420 1926 eis
431 1874 654 1936 demonstrasset,
660 1873 695 1923 ad
707 1888 786 1940 quem
799 1873 892 1923 omnia

88 1949 231 2002 desideria
242 1965 293 2000 sua
306 1949 452 2014 referrent,
474 1948 587 2018 eiusque
602 1946 726 1998 osculum
741 1946 891 1997 delibatum

88 2025 188 2092 digitis
200 2025 236 2075 ad
247 2040 278 2076 os
290 2039 368 2076 suum
382 2023 531 2076 retulisset.
569 2021 610 2073 M.
622 2021 732 2084 Cicero,
749 2020 779 2070 C.
792 2019 891 2069 Caesa-

87 2115 148 2152 rem
168 2100 199 2150 in
215 2099 385 2167 Capitolium
405 2104 580 2168 prosecutus,
601 2096 737 2148 somnium
757 2094 892 2164 pristinae

87 2175 182 2226 noctis
196 2173 384 2226 familiaribus
398 2173 471 2226 forte
486 2173 631 2225 narrabat:
651 2186 765 2240 puerum
776 2168 849 2221 facie
860 2169 891 2219 li-

87 2249 194 2313 berali,
207 2249 355 2302 demissum
368 2249 446 2301 coelo
458 2255 555 2301 catena
566 2263 663 2311 aurea,
679 2245 798 2298 adfores
811 2245 892 2310 Capi-

88 2323 155 2375 tolii
171 2324 343 2387 constitisse,
364 2323 445 2390 eique
458 2323 550 2376 lovem
570 2320 709 2390 flagellum
727 2319 893 2372 tradidisses

90 2398 205 2463 deinde,
225 2405 337 2466 repente
346 2394 469 2466 Augusto
485 2399 560 2468 viso,
572 2413 651 2464 quem
665 2395 791 2462 ignotum
802 2387 893 2442 adhuc

89 2473 233 2542 plerisque
244 2473 395 2524 avsmesrlus
406 2473 509 2524 Caesar
520 2469 555 2522 ad
565 2469 775 2523 sacrificandum
788 2463 893 2516 accive-

90 2555 146 2612 rat,
170 2549 331 2612 allirmavit,
351 2549 524 2616 ipsumam,
547 2546 624 2598 cuius
638 2546 731 2607 imago
743 2537 893 2591 secundum

91 2625 214 2692 quietem
230 2623 286 2674 sibi
300 2624 448 2674 obversata
461 2621 507 2670 sit.
547 2617 671 2670 Sumenti
680 2613 787 2665 virilem
798 2619 894 2677 togam

89 2701 188 2750 tunica
198 2699 251 2748 lati
262 2697 347 2761 clavi,
368 2701 462 2748 resuta
476 2707 510 2745 ex
523 2699 641 2758 utraque
651 2695 742 2756 parte,
764 2687 800 2737 ad
810 2685 895 2754 pedes
