2026 3020
130 227 164 276 70
406 229 432 274 G.
458 225 643 276 SUETONH

131 354 259 422 adempta
275 353 388 414 domimi
397 352 515 407 lenitaue
529 357 607 423 parte
620 365 784 419 poenarum,
806 356 834 403 et
847 363 928 403 vaca·

130 430 206 480 tione
218 429 331 480 triennii
341 428 415 492 data,
428 429 569 496 auctisque
581 427 719 496 praemiis.
759 425 806 478 Sic
817 441 928 494 quoque

131 503 311 556 abolitionem
323 505 381 556 eius
391 503 503 570 publico
519 503 677 570 spectaculo
688 502 867 570 pertinaciter
877 519 926 569 po-

129 579 248 631 stulante
259 579 363 646 equite,
376 579 481 630 accitos
494 577 652 630 Germanici
662 577 774 642 liberos,
786 585 925 644 receptos-

129 670 181 720 que
192 653 293 722 partim
305 653 339 704 ad
351 669 388 717 se,
400 653 501 721 partim
512 654 540 704 in
551 654 639 720 patris
650 653 791 720 gremium,
804 657 925 704 ostenta-

128 731 180 792 vit,
202 744 284 778 manu
294 725 425 796 vultuque
436 729 607 796 significans,
628 744 662 780 ne
673 734 854 796 gravarentur
863 728 925 778 imi-

127 804 183 854 tari
192 803 298 855 iuvenis
314 803 475 870 exemplum.
516 803 659 872 Quumque
674 803 757 854 etiarn
771 803 924 858 imruaturi-

127 885 185 929 tate
196 894 359 946 spousarum
371 884 397 929 et
407 878 647 933 matrimoniorum
664 879 759 930 crebra
769 878 924 929 mutatione

126 954 182 1004 vim
192 952 261 1022 legis
273 953 347 1004 eludi
357 955 482 1018 sentiret,
501 960 609 1024 tempus
620 968 736 1020 sponsas
746 951 868 1006 habendi
878 969 923 1004 co·

127 1029 236 1093 artavit,
249 1029 375 1082 divortiis
386 1029 497 1081 modum
507 1028 648 1096 imposuit.

182 1103 297 1156 XXXV.
313 1104 476 1157 Senatorum
488 1102 641 1156 affluentem
651 1119 792 1162 numerum
804 1101 923 1154 deformi

127 1187 154 1231 et
164 1179 307 1230 incondita
316 1181 398 1230 turba
405 1184 496 1244 (erant
505 1180 576 1230 enirn
588 1195 669 1246 super
678 1180 762 1244 mille,
772 1187 799 1231 et
809 1179 922 1248 quidam

125 1255 324 1322 indignissimi,
345 1261 372 1305 et
386 1261 450 1323 post
464 1270 557 1306 necem
570 1255 696 1305 Caesaris
707 1255 884 1322 pergratiam
896 1261 923 1304 et

125 1330 276 1398 praemium
289 1328 393 1393 allecti,
413 1345 484 1398 qiros
497 1325 609 1381 Orcinos
617 1329 715 1396 vulgus
725 1330 874 1394 vocabat,)
887 1329 923 1379 ad

125 1405 237 1455 modum
248 1404 393 1470 pristinum
406 1411 432 1458 et
442 1403 615 1472 splendorem
626 1403 745 1472 redegit,
767 1405 874 1456 duabus
886 1404 923 1455 le-

126 1480 277 1534 ctionibus:
298 1479 387 1546 prima
397 1481 521 1548 ipsorum
537 1481 685 1544 arbitratu,
707 1495 761 1547 quo
776 1480 819 1530 vir
832 1480 922 1530 virum

125 1555 205 1622 legit3
226 1553 347 1606 secunda
361 1572 411 1606 suo
428 1561 455 1608 et
464 1555 610 1622 Agrippae.
651 1555 712 1616 Quo
727 1560 851 1622 tempore
867 1556 923 1606 exi-

125 1631 254 1681 stimatur
268 1629 356 1681 lorica
371 1632 421 1682 sub
437 1636 512 1682 veste
526 1631 647 1681 munitus
665 1628 794 1699 ferroque
816 1631 923 1681 cinctus

125 1704 309 1772 praesedisse,
331 1705 424 1757 decem
443 1704 639 1757 valentissimis
660 1705 794 1758 senatorii
815 1705 922 1757 ordinis

126 1780 222 1830 andeis
243 1779 338 1830 sellam
353 1795 431 1832 suam
447 1780 695 1833 circumstantibus.
736 1780 843 1832 Cordus
859 1781 922 1831 Cre-

124 1855 227 1906 mutius
237 1854 346 1919 scribit,
356 1869 390 1908 nc
402 1855 551 1906 admissum
562 1855 672 1924 quidem
681 1862 747 1908 tirno
757 1871 921 1924 quemquam

125 1936 296 1994 senatorum,
317 1931 373 1984 nisi
386 1931 476 1984 solum
490 1937 518 1983 et
531 1937 703 2000 praetentato
719 1933 789 1984 sinu.
831 1931 921 1992 Quos·

126 2005 189 2056 dam
201 2005 236 2057 ad
248 2007 399 2059 excusandi
412 2024 441 2060 se
455 2005 648 2058 verecundiam
664 2007 808 2076 compulit:
830 2023 922 2058 serva-

124 2083 218 2148 vitque
229 2083 312 2134 etiam
323 2083 517 2134 excusantibus
527 2081 633 2148 insigne
643 2083 736 2148 vestis,
743 2089 770 2134 et
778 2082 924 2150 spectandi

125 2157 155 2206 in
166 2155 320 2222 orchestra,
343 2157 526 2224 epulandique
540 2155 649 2223 publice
663 2158 716 2208 ius.
756 2157 818 2218 Quo
831 2162 923 2208 autem

125 2230 191 2281 lecti
201 2233 366 2300 probatique
378 2239 405 2284 et
413 2231 573 2301 religiosius
588 2237 615 2284 et
625 2233 730 2284 minore
740 2230 870 2284 molestia
882 2248 923 2283 se-

125 2307 238 2358 natoria
248 2321 362 2357 munera
373 2306 562 2374 iungerentur,
584 2309 688 2372 sanxit,
703 2313 746 2372 ut,
761 2307 925 2378 prinsquam

127 2381 283 2434 consideret
297 2383 425 2451 quisque,
446 2389 506 2434 ture
523 2396 555 2434 ac
569 2398 644 2434 mero
661 2382 829 2451 supplicaret
849 2381 925 2449 apud

128 2473 203 2509 aram
219 2459 278 2510 eius
293 2457 350 2521 dci,
371 2459 400 2508 in
412 2459 489 2510 cuius
499 2458 602 2527 templo
618 2459 750 2522 coiretur3
771 2464 799 2510 et
812 2474 846 2509 ue
861 2457 925 2524 plus

126 2549 208 2600 quam
223 2533 266 2584 bis
281 2534 310 2584 in
324 2549 416 2586 mense
430 2534 570 2601 legitimus
585 2540 695 2590 senatus
710 2539 850 2602 ageretiu,
866 2532 923 2584 Ka-

124 2607 214 2660 lendis
234 2615 262 2660 et
280 2609 387 2662 ldibus=
411 2625 478 2662 neve
494 2608 647 2678 Septembri
663 2609 810 2662 Octobriue
829 2623 924 2661 meuse

124 2683 199 2734 ullos
210 2684 306 2736 adesse
318 2686 389 2738 alios
400 2701 511 2738 necesse
521 2691 605 2750 esset,
627 2701 709 2752 quam
724 2691 799 2738 sorte
814 2685 923 2748 ductos,

124 2772 174 2826 per
189 2774 306 2825 quorum
319 2777 461 2816 numeratm
477 2761 587 2816 decreta
603 2761 701 2813 confici
710 2766 835 2829 possent:
856 2759 924 2812 sibi-
