2026 3020
203 268 334 318 IULIUS
363 267 519 318 CAESAR.
558 270 758 320 mmo—82.
845 269 878 323 43

76 393 189 446 ibidem
210 393 419 462 discerpserunt.
457 393 499 445 Ea
518 410 584 446 rere
604 402 696 460 nocte,
723 398 768 447 eui
786 397 880 448 illuxit

79 470 143 522 dies
155 469 263 532 caedis,
284 471 384 536 etipse
399 470 453 520 sibi
467 471 542 520 visus
557 477 599 522 est
608 486 657 537 per
667 473 784 538 quietem
795 473 878 522 inter-

79 545 148 595 dum
164 559 250 611 supra
263 545 349 595 nubes
363 544 492 608 volitare,
515 545 584 594 alias
600 561 660 595 curn
675 544 740 597 love
755 547 878 596 dextram

79 620 206 686 irmgere.
245 618 282 668 Et
293 619 442 686 Calprunia
452 634 523 671 uxor
535 620 688 686 imaginata
701 627 754 685 est,
776 621 877 672 collabi

81 694 227 761 fastigium
238 693 531 761 domus‚maritumque
542 695 570 744 in
580 695 684 761 gremio
695 712 745 746 suo
752 695 877 746 confodi:

82 785 116 820 ac
127 769 222 819 subito
234 768 355 819 cubiculi
364 768 439 820 fores
450 775 546 836 sponte
557 775 712 836 patuerunt.
753 771 794 820 0b
810 769 878 821 haec

81 843 205 894 simulet
220 843 256 894 ob
270 843 407 894 infirmam
417 843 601 896 valetudinem
613 844 661 894 diu
671 852 825 910 cunctatus,
843 861 877 895 an

82 935 112 970 se
128 919 295 981 contineret,
317 923 355 981 et,
377 932 447 985 quae
462 919 675 985 apudsenatum
695 927 878 988 proposuerat

83 1009 179 1062 agere,
200 991 336 1054 differret3
359 993 482 1057 tandem,
498 989 532 1042 l).
544 993 630 1043 Bruto
647 991 822 1058 adhortante,
844 1010 878 1044 ne
931 1055 935 1060 ι

81 1067 241 1135 frequentes
270 1081 303 1117 ac
326 1066 486 1118 iamdudum
511 1068 684 1132 opperientes
708 1069 876 1130 destitueret,

82 1143 181 1210 quinta
191 1141 249 1193 lere
258 1141 327 1192 hora
337 1157 497 1208 progressus
509 1147 562 1192 est:
577 1141 754 1210 libellumque
762 1143 877 1192 insidia-

82 1234 143 1268 rum
154 1217 288 1280 indicem,
310 1217 344 1266 ab
361 1218 443 1266 obvio
456 1217 574 1283 quodam
585 1225 754 1283 porrectum,
775 1217 878 1269 libellis

82 1293 192 1356 ceteris,
204 1307 273 1359 quos
285 1292 397 1341 sinistra
407 1307 489 1341 uranu
498 1293 617 1356 tenebat,
629 1294 709 1358 quasi
720 1308 783 1344 mox
794 1293 877 1343 lectu-

82 1382 139 1431 rus,
152 1366 333 1417 commiscuit.
359 1365 431 1416 Dein
442 1367 565 1432 pluribus
575 1365 674 1417 hostiis
686 1369 781 1432 caesis,
795 1383 876 1436 quum

83 1443 165 1492 litare
186 1456 241 1492 nou
257 1447 363 1507 posset,
384 1441 493 1490 introiit
509 1443 613 1492 cirrium
628 1449 720 1509 spreta
734 1444 876 1510 religione,

85 1510 304 1583 Spurinnamque
314 1515 443 1576 irridens,
464 1522 493 1568 et
505 1522 536 1566 ut
549 1515 648 1566 falsum
660 1532 788 1583 arguens,
810 1517 881 1583 quod

84 1591 139 1643 tiae
154 1591 208 1640 ullo
223 1605 292 1640 noxa
307 1587 369 1640 idus
385 1587 502 1640 Martiae
517 1591 653 1652 edessen&
678 1593 834 1658 quanquam
853 1593 878 1641 is

84 1665 183 1716 uenisse
194 1663 296 1730 quidem
307 1679 350 1714 eas
361 1664 471 1727 diceret,
483 1666 528 1714 aed
536 1683 587 1718 non
594 1665 760 1732 praeterisse.

139 1738 279 1790 itxxxss.
304 1737 474 1790 Assideutem
500 1741 652 1807 conspirati
676 1743 767 1810 specie
793 1741 878 1792 officii

85 1816 334 1866 circumsteterunt:
358 1814 489 1880 illicoque
501 1815 610 1866 Cimber
624 1811 738 1879 billius,
760 1817 808 1882 qui
822 1818 878 1883 pri-

85 1906 143 1941 mas
155 1895 248 1958 partes
258 1895 429 1955 susceperat,
446 1890 527 1954 quasi
542 1889 646 1956 aliquid
657 1897 804 1956 rogaturus
815 1906 877 1958 pro-

85 1967 146 2032 pius
159 1963 287 2015 accessit:
308 1963 486 2030 renuentique
502 1969 529 2012 et
543 1970 623 2029 gestu
636 1965 665 2013 in
680 1965 757 2014 aliud
770 1971 878 2030 tempus

86 2039 225 2090 differenti
245 2039 280 2088 ab
301 2046 417 2105 utroque
437 2037 550 2088 humero
570 2045 664 2104 togam
685 2037 877 2104 apprehendit:

86 2114 184 2166 deinde
199 2114 374 2177 clamantem,
396 2112 452 2166 Iste
467 2112 570 2179 qreidem
585 2111 623 2163 eis
639 2113 691 2164 estl
712 2112 780 2164 alter
792 2113 880 2163 Casca

87 2189 230 2240 adversum
240 2188 373 2252 uulnerat,
386 2189 507 2254 paullum
517 2187 591 2240 infra
604 2188 737 2256 iugulum.
777 2190 879 2240 Caesar

88 2265 190 2316 Cascae
204 2260 347 2314 brachium
364 2269 501 2330 arreptum
517 2263 632 2331 graphio
648 2264 771 2316 traiecit:
796 2281 878 2316 cona-

86 2346 183 2407 tusque
198 2337 341 2405 prosilire,
363 2338 419 2388 alio
434 2339 545 2390 uulnere
559 2340 685 2390 tardatus
701 2345 750 2390 est.
789 2341 879 2405 thue

87 2411 289 2475 animadvertit,
299 2412 419 2480 undique
431 2429 459 2464 se
470 2414 573 2464 strictis
584 2415 750 2482 pugionibus
760 2415 825 2479 peti,
836 2419 878 2461 to-

86 2505 121 2556 ga
131 2494 214 2556 eaput
225 2487 361 2550 obvolvit3
373 2487 456 2537 simul
465 2489 578 2538 sinistra
588 2505 672 2539 manu
682 2489 770 2538 sinum
782 2487 817 2536 ed
823 2488 880 2535 ima

87 2578 166 2614 crura
176 2556 300 2625 deduxit,
312 2575 365 2628 quo
377 2561 519 2612 honestius
530 2562 647 2626 caderet,
654 2563 738 2612 etiam
748 2560 880 2611 inferiore

87 2639 211 2706 corporis
232 2643 310 2703 parte
330 2637 430 2688 velata.
468 2637 555 2703 Atque
575 2639 616 2687 ita
634 2637 723 2686 trihus
739 2639 767 2685 et
781 2634 880 2702 viginti

84 2715 173 2783 plagis
185 2711 331 2764 confossus
342 2717 392 2774 est,
403 2725 458 2761 rino
469 2711 552 2762 modo
565 2712 600 2760 ad
610 2711 727 2776 primum
739 2711 823 2760 letum
834 2725 879 2776 ge·

85 2790 152 2841 mitu
167 2789 228 2839 sine
242 2801 310 2838 voce
326 2785 415 2848 edito;
441 2785 494 2836 etsi
508 2784 823 2850 tradideurntquidum,
839 2783 877 2833 M.
