2044 3028
891 118 898 148 l

275 238 523 291 nourrmuus.
560 238 768 291 cnr..1s-1s.
864 227 913 294 33⁷

115 377 144 421 et
159 368 309 436 quomodo,
329 368 359 420 id
375 374 423 433 est,
444 367 615 421 lauantemne
630 383 665 420 an
677 373 844 434 coenantem,
867 383 912 435 ag-

114 444 311 512 grederentur3
333 442 498 511 Stephanus,
519 444 682 497 Domitillae
701 449 865 512 procurator
885 449 913 494 et

114 526 182 570 tunc
191 519 403 586 interceptarum
414 521 591 586 pecuniarum
602 535 677 586 reus,
690 520 834 572 consilium
847 533 911 585 ope-

114 609 229 661 ramque
244 594 353 644 obtulit.
392 595 432 646 Ac
449 595 620 664 sinisteriore
634 593 761 660 brachio,
776 595 852 645 velut
866 609 910 644 ae-

114 683 179 735 gro,
195 668 267 718 lanis
281 668 431 737 fasciisque
441 685 490 736 per
501 671 609 737 aliquot
619 669 677 722 dies
688 671 722 721 ad
735 667 910 721 avertendam

115 744 300 809 suspicionem
317 745 461 808 obvoluto,
474 745 509 795 ad
523 747 611 813 ipsam
622 744 718 797 horam
730 744 858 797 dolonem
868 744 909 794 in-

113 819 235 870 teriecit:
255 818 450 887 professusque
461 821 674 888 conspirationis
683 822 824 885 indicium,
836 825 863 871 et
873 819 909 870 ob

115 892 170 944 hoe
181 893 326 958 admissus,
338 894 439 961 legenti
448 895 579 946 traditum
592 911 608 946 a
619 912 647 947 se
657 892 788 961 libellum,
800 902 828 947 et
838 901 909 946 atto·

114 970 194 1032 nito,
215 968 332 1020 suffodit
349 970 472 1037 inguina.
513 970 641 1022 Saunium
662 987 695 1022 ac
714 977 910 1038 repugnantem

117 1044 211 1096 adorti
222 1043 372 1096 Clodianus
388 1043 600 1110 cornicularius,
612 1052 639 1097 et
648 1046 786 1096 Maximus
796 1044 910 1096 Parthe-

115 1121 156 1170 nii
170 1119 298 1184 abemus,
314 1126 341 1172 et
355 1119 481 1171 Saturius
495 1121 608 1173 decruio
623 1121 867 1184 cubiculariorum,
884 1125 911 1170 et

118 1194 231 1262 quidam
246 1211 261 1246 e
275 1195 443 1262 gladiatorio
460 1195 541 1261 lado,
555 1196 714 1248 vulneribus
729 1201 830 1265 septem
847 1211 910 1246 con-

116 1269 300 1323 trucidarunt.
343 1269 428 1336 Puer,
443 1272 503 1339 qui,
519 1285 600 1323 curae
614 1271 728 1322 Larium
744 1271 863 1323 cubiculi
878 1284 911 1321 cx

119 1345 316 1397 consuetudine
332 1347 475 1410 assistens,
488 1346 615 1398 interfuit
629 1348 719 1412 caedi,
730 1346 784 1398 hoc
794 1345 911 1416 amplius

117 1421 263 1485 narrabat,
279 1437 308 1473 se
321 1421 426 1472 iussum
438 1420 625 1473 aDomitiano
638 1423 672 1472 ad
687 1423 803 1490 primum
818 1422 913 1473 statim

118 1497 218 1548 vulnus
227 1497 374 1564 pugionem
384 1497 497 1565 pulvino
509 1497 647 1549 subditum
658 1499 808 1565 porrigere,
820 1513 853 1548 ac
861 1496 912 1546 mi-

117 1573 223 1624 nistros
236 1585 349 1635 vocare,
369 1587 457 1640 neque
471 1572 507 1624 ad
523 1579 604 1639 caput
618 1573 777 1642 quicquam,
797 1575 911 1638 excepto

120 1647 234 1714 capulo,
249 1653 277 1698 et
289 1653 431 1714 praeterea
442 1649 534 1699 omnia
549 1648 643 1699 clausa
658 1648 809 1716 reperisse3
831 1652 912 1715 atque

118 1721 199 1774 illum
213 1723 335 1786 interim,
352 1728 477 1787 correpto
495 1722 665 1790 deductoque
681 1724 716 1774 ad
736 1730 838 1775 terram
854 1721 911 1773 Ste-

118 1795 231 1865 phano,
253 1796 430 1849 colluctatum
450 1796 509 1860 diu,
531 1797 594 1847 dum
608 1798 691 1849 modo
707 1798 808 1850 ferrum
823 1802 912 1850 extor-

120 1884 217 1941 quere,
227 1872 320 1935 modo,
332 1885 488 1940 quanquam
498 1870 610 1922 laniatis
621 1871 727 1938 digitis,
740 1873 835 1924 oculos
845 1869 913 1923 effo-

122 1948 186 2000 dere
198 1953 322 1998 conatur.
362 1945 475 1997 Occisus
486 1951 528 1996 est
541 1951 639 2012 quarto
652 1946 757 1998 decimo
772 1946 913 1998 Kalendas

122 2022 265 2086 Octobris,
280 2036 351 2073 anno
368 2021 466 2072 aetatis
478 2021 573 2088 quinto
588 2027 615 2072 et
630 2021 852 2090 quadragesimo,
863 2022 913 2072 im·

119 2097 192 2164 perii
203 2097 298 2164 quinto
310 2096 425 2148 decimo.
465 2096 589 2147 Cadaver
599 2097 665 2158 eins,
677 2097 806 2162 populari
816 2097 914 2148 sanda·

122 2173 181 2238 pila
200 2187 249 2238 per
268 2171 433 2237 vespillones
454 2177 627 2238 exportatum
646 2169 753 2239 Phyllis
769 2174 865 2232 ¹nutrix
884 2173 913 2222 in

123 2247 283 2297 suburbano
299 2261 350 2297 suo
365 2245 466 2296 Latina
480 2247 526 2298 via
539 2246 693 2298 frmeravits
714 2248 762 2299 sed
782 2248 914 2316 reliquias

122 2320 226 2388 templo
237 2321 350 2372 Flaviae
364 2322 452 2388 gentis
466 2323 537 2373 clam
550 2321 655 2387 intulit,
668 2322 857 2392 cineribusque
871 2323 914 2374 lu·

122 2398 191 2462 liae,
202 2395 277 2446 tiliae
287 2396 358 2459 iiti,
370 2411 449 2462 quam
462 2403 489 2448 et
498 2398 560 2464 ipsa
570 2398 711 2462 educarat,
724 2398 904 2450 commiscuit.

180 2469 281 2522 xvlll.
302 2469 413 2522 Statura
427 2470 480 2522 fuit
492 2488 620 2538 procera,
631 2471 709 2525 vultu
718 2473 858 2538 modesto,
870 2489 915 2526 ru⁴

123 2546 256 2615 horisque
270 2544 364 2613 pleno,
376 2546 525 2614 grandibus
536 2543 642 2613 oculis,
653 2565 744 2601 verum
761 2549 820 2601 acic
834 2545 914 2602 hebe-

122 2623 215 2675 tiora:
238 2625 381 2687 praeterea
395 2618 508 2688 pulcher
523 2635 556 2674 ac
571 2625 680 2690 decens,
698 2625 816 2676 maxime
829 2625 859 2675 ln
873 2625 915 2678 iu·

123 2703 219 2759 venna,
240 2701 268 2746 et
287 2695 397 2763 quidem
416 2699 477 2747 toto
498 2711 626 2765 corpore,
648 2701 769 2770 exceptis
788 2699 914 2767 pedibus,

124 2785 241 2840 quorum
257 2771 359 2837 digitos
374 2771 556 2823 restrictiores
569 2772 705 2838 habebat;
726 2781 823 2844 postea
834 2777 916 2828 calvi-

159 2865 304 2912 Suarou.
692 2870 712 2916 Y
