2036 3022
140 225 191 286 tal
384 244 388 253 =
421 231 661 284 o.susuou11

141 359 219 428 pacis
233 358 368 411 militibus
382 357 501 424 eductis,
516 357 727 426 exinproviso,
742 362 830 425 atque
840 357 871 408 in
881 357 941 427 ipse
1009 375 1010 378 ¹

143 434 359 498 consultatione,
375 433 562 487 dimicandum
575 432 684 484 fuisset.
721 432 762 482 Ac
775 433 873 498 statim
888 447 941 483 mo·

142 511 233 562 riendi
242 510 374 578 impetum
385 510 475 579 cepit;
494 514 527 560 ut
536 508 628 571 multi,
640 523 691 560 nee
699 505 815 572 luntre,
827 507 942 574 opinan-

142 592 200 650 tur,
211 585 300 652 magis
312 584 433 653 pudore,
444 600 478 638 ne
491 590 570 636 tanto
581 599 672 635 rerum
687 581 888 651 hominumque
896 598 940 650 pe-

142 660 232 710 riculo
263 660 480 710 dominationem
502 660 566 715 ¹sibi
595 672 717 711 asserere
740 663 940 725 perseveraret,

143 750 225 802 quam
245 734 437 802 desperatione
455 734 524 798 ulla,
546 741 594 785 aut
609 732 761 784 diffidentia
777 733 942 800 copiarum:

142 810 244 876 quippe
258 808 377 862 residuis
390 809 560 878 integrisque
572 809 655 860 ctiam
665 823 748 872 nunc,
765 823 837 876 quas
847 822 942 858 secum

143 883 179 932 ad
199 883 335 936 secundos
356 899 438 936 casus
458 885 626 948 detinuerat,
641 890 669 935 et
683 883 943 951 superverdentibns

143 958 206 1009 aliis
221 975 235 1010 e
250 959 405 1024 Dalmatia,
417 959 617 1026 Pannoniaque
628 965 655 1010 et
665 957 791 1008 Moesia:
812 973 847 1008 ne
857 957 942 1007 victis

142 1034 252 1102 quidem
264 1034 335 1087 udeo
347 1034 466 1099 afflictis,
477 1041 574 1085 utnon
584 1035 613 1084 in
623 1033 757 1084 ultionem
768 1031 942 1098 ignominiae

142 1109 252 1177 quidvis
262 1110 431 1162 discriminis
440 1110 528 1173 ultro,
541 1116 568 1161 et
577 1109 621 1159 vel
631 1108 708 1160 solae
719 1108 853 1158 subirent.

197 1185 232 1235 X.
252 1185 381 1237 Interfuit
390 1183 455 1238 huic
464 1184 538 1236 bello
549 1190 629 1252 pater
639 1197 715 1234 meus
726 1181 878 1234 Suetonius
888 1179 943 1232 Le·

141 1259 192 1323 nis,
198 1261 298 1312 tertiae
309 1261 432 1312 decimae
441 1259 560 1328 legionis
571 1259 698 1308 tribunus
709 1257 941 1324 angusticlavius.

141 1333 194 1385 lste
209 1349 274 1386 mox
287 1334 389 1387 referre
401 1335 497 1386 crebro
509 1333 629 1397 solebat,
642 1331 777 1384 Othonem
787 1332 874 1384 etiam
884 1333 941 1401 pri-

140 1415 234 1459 vatum
248 1411 420 1478 usqueadeo
436 1409 602 1461 detestatum
618 1407 712 1459 civilia
725 1407 813 1471 bella,
827 1413 873 1471 ut,
884 1423 941 1457 me·
1012 1455 1013 1474 ,

140 1491 265 1536 morante
286 1485 408 1553 quodam
427 1485 501 1536 iuter
520 1483 616 1553 epulas
636 1484 670 1534 de
691 1483 782 1533 Cassii
800 1481 940 1550 Brutique
1012 1525 1013 1560 ἱ

140 1559 229 1624 exitu,
251 1559 443 1622 cohorruerit3
473 1575 524 1612 nee
545 1573 741 1610 concursurum
762 1573 825 1608 cum
846 1555 941 1608 Galba

139 1633 238 1698 fuisse,
254 1636 310 1684 nisi
320 1635 471 1686 confideret
482 1637 540 1685 sine
550 1634 624 1686 bello
635 1649 692 1684 rem
707 1632 826 1700 transigi
835 1647 920 1700 posse
932 1649 940 1680 ε

139 1715 204 1759 tunc
225 1708 260 1759 ad
281 1709 485 1777 despiciendam
504 1710 590 1760 uitam
610 1707 734 1776 exemplo
755 1706 940 1776 manipularis
1012 1761 1013 1764 ,

139 1782 235 1834 militis
246 1785 424 1848 concitatum,
437 1785 496 1853 qui,
510 1800 593 1852 quum
604 1783 710 1835 cladem
720 1783 859 1834 exercitus
869 1797 940 1834 nun·
1012 1779 1013 1788 ’

140 1859 234 1923 ciaret,
245 1875 296 1912 nec
306 1860 435 1928 cuiquam
446 1859 527 1910 fidem
539 1857 650 1922 faceret,
664 1873 696 1909 ac
706 1873 779 1909 nuuc
789 1857 939 1920 mendacii,
1012 1881 1013 1892 π

139 1949 212 1985 nunc
221 1936 339 1999 timoris,
352 1936 433 2004 quasi
442 1933 560 2000 fugisset
570 1949 604 1984 ex
615 1935 682 1995 acie,
695 1939 866 2000 argueretur,
878 1931 939 1999 gla-

140 2008 187 2059 dio
203 2017 266 2061 ante
281 2011 364 2079 pedes
379 2011 438 2061 eius
451 2009 616 2060 incubuerit.
655 2007 719 2058 lloc
736 2009 811 2071 viso,
828 2007 940 2076 procla·
1012 2007 1013 2016 ’

140 2098 229 2134 masse
244 2101 307 2136 eum
321 2085 425 2148 aiebat,
437 2101 489 2135 non
504 2082 615 2148 arapb'us
630 2099 656 2132 se
670 2082 698 2133 in
709 2081 856 2148 periculum
872 2083 940 2133 tales

102 2161 106 2167 '
140 2165 245 2223 tamque
265 2159 328 2211 bene
347 2159 453 2211 meritos
473 2157 660 2210 coniecturum.
699 2157 826 2216 Fratrem
839 2158 939 2224 igitur,

139 2230 288 2304 fratrisque
303 2235 403 2299 lilium,
420 2241 447 2286 et
461 2233 586 2300 singulos
600 2233 752 2284 amicornm
764 2230 939 2296 cohortatus,

140 2315 170 2359 ut
180 2309 234 2359 sibi
244 2310 361 2379 quisque
372 2324 422 2379 pro
434 2308 566 2360 facultate
578 2307 744 2371 consuleret,
761 2308 797 2358 ab
808 2307 942 2373 amplexu

66 2397 68 2401 ·
101 2405 103 2409 ·
139 2390 166 2433 et
177 2384 273 2436 osculo
284 2401 335 2437 sno
347 2385 454 2436 dimisit
469 2399 575 2448 omnes,
591 2391 753 2451 secretoque
768 2388 881 2450 captato
896 2382 941 2433 bi-

138 2471 190 2508 nos
205 2460 351 2512 codicillos
365 2460 507 2511 exaravit:
529 2459 565 2510 ad
580 2473 703 2510 sororem
719 2457 939 2522 consolatorios,

138 2532 187 2584 sed
207 2540 234 2584 et
254 2535 289 2585 ad
308 2534 487 2586 Messalinam
507 2532 639 2598 Neronis,
660 2549 744 2602 quam
757 2533 939 2585 matrimonio

138 2603 336 2674 destinaverat,
358 2607 551 2661 commendans
565 2609 698 2678 reliquias
712 2623 779 2660 snas
793 2615 820 2662 et
834 2623 940 2661 memo·

136 2678 216 2732 riam.
265 2683 405 2752 Quicquid
425 2683 523 2736 deinde
543 2684 723 2752 epistolarum
742 2693 815 2748 erat,
836 2699 871 2736 nc
893 2684 940 2738 cui

137 2754 262 2818 periculo
283 2764 332 2810 aut
350 2759 451 2812 noxiae
472 2757 545 2830 apud
559 2759 692 2813 victorem
706 2757 807 2826 forent,
824 2774 939 2813 concre·
1012 2791 1013 2794 =
