2036 3022
316 230 450 278 carrus.
486 231 566 278 oar.
586 233 701 280 12-15.
788 221 792 229 '
858 237 908 290 273

106 361 155 410 tus
166 353 226 408 eius
236 355 266 406 iu
276 354 427 424 Hispania,
448 357 610 427 cupiditatis
623 359 786 425 immensae;
807 363 908 417 Corne·

106 433 165 484 lius
174 429 267 496 Laco,
287 445 322 482 ex
337 445 477 484 assessore
489 433 647 500 praefectus
661 437 810 504 praetorii,
832 454 908 492 arro·

107 507 208 577 gantis
231 505 416 574 socordiaque
438 508 638 574 intolerabilis3
671 511 786 564 libertus
809 512 907 580 Iccius,

105 581 205 651 paullo
217 587 281 632 aute
291 581 401 632 annulis
411 585 503 635 aureis
514 584 679 638 etMartiani
690 589 853 655 cognomine
864 605 908 642 or·

104 663 204 723 natus,
226 657 328 708 eciam
342 671 464 710 summae
475 661 610 726 equestris
619 662 722 730 gradus
732 664 907 716 candidatus.

106 734 176 796 llis,
198 732 306 784 diverso
317 733 448 783 vitiorum
458 748 557 800 genere
571 739 775 804 grassantibus,
796 739 866 792 adeo
877 755 908 792 se

107 807 276 860 abutendum
285 807 411 874 permisit
421 814 449 859 et
458 807 585 874 tradidit,
605 817 637 862 ut
649 814 696 864 vix
711 813 832 884 sibiipsi
843 831 906 867 con·

107 888 209 946 staret;
228 882 312 934 modo
324 882 452 934 acerbior
465 884 645 953 parciorque,
666 888 750 940 modo
763 891 907 943 remissior

107 975 143 1010 ac
152 958 349 1025 negligentior,
361 973 443 1027 quam
455 959 613 1010 conveniret
625 961 746 1030 principi
760 963 848 1016 eiecto
864 971 905 1015 at·

107 1049 162 1101 que
176 1033 247 1084 illud
263 1033 371 1084 aetatis·
412 1032 553 1095 Quosdam
569 1033 660 1086 claros
675 1050 709 1087 ex
722 1044 840 1105 utroque
861 1055 906 1090 or-

104 1110 171 1161 dine
181 1108 256 1159 viros
266 1108 424 1175 suspicione
433 1109 548 1160 minima
556 1110 905 1166 inauditoscondemuavit.

105 1184 254 1235 Civitatem
269 1182 422 1235 Romanam
435 1199 500 1236 raro
516 1183 604 1237 dedit:
627 1186 691 1237 iura
705 1187 789 1238 trium
802 1187 905 1240 libero-

101 1275 167 1312 rum
181 1259 228 1309 vix
242 1259 293 1309 uni
306 1264 389 1326 atque
404 1259 498 1322 alteri3
519 1275 595 1313 acne
605 1259 648 1311 bis
659 1261 782 1328 quidem,
802 1263 858 1314 nisi
868 1264 903 1314 ad

104 1339 211 1388 certum
226 1333 454 1404 praefinitumque
467 1340 584 1402 tempus.
622 1336 776 1402 iudicibus,
797 1343 903 1390 sextam

104 1409 247 1462 deuuiam
259 1409 344 1461 adiici
353 1410 541 1475 precantibus,
557 1425 613 1462 non
622 1411 706 1463 modo
717 1413 839 1481 negarit,
856 1412 904 1464 sed

104 1486 192 1538 etiam
203 1499 361 1536 conoessum
373 1499 390 1534 a
401 1484 518 1536 Claudio
529 1486 704 1552 beneficium,
719 1503 754 1540 ne
763 1486 852 1540 hieme
862 1489 902 1538 iu-

103 1560 215 1628 itioque
226 1559 291 1611 anui
301 1558 336 1610 ad
346 1559 524 1614 iudicandum
535 1567 723 1630 evocarentur,
735 1563 845 1632 eripuit.

143 1709 206 1762 XV.
225 1709 444 1761 Existimabatur
458 1711 542 1762 etiarn
557 1713 699 1764 senatoria
717 1718 745 1766 et
764 1715 903 1783 equestria

104 1787 202 1840 officia
215 1785 321 1838 biennii
339 1785 432 1852 spatio
453 1784 696 1852 determinaturus,
715 1802 768 1840 nec
788 1790 904 1842 daturus

103 1862 162 1914 nisi
176 1862 271 1912 invitis
286 1875 319 1911 ac
328 1859 528 1911 recusantibus.
567 1860 764 1914 Liberalitates
773 1863 902 1929 Neronis,

102 1953 161 1989 nou
173 1936 235 2004 plus
246 1935 359 1987 decimis
370 1935 516 2000 concessis,
526 1950 576 2003 per
586 1936 786 2004 quinquaginta
797 1939 903 2005 equites

103 2013 247 2064 Romanos
262 2025 295 2063 ea
311 2009 469 2062 conditione
482 2010 653 2062 revocandas
672 2012 779 2063 curarit
792 2013 902 2081 exigen-

104 2088 223 2154 dasque,
243 2091 275 2137 ut
288 2091 327 2149 et,
348 2085 453 2153 siquid
472 2085 576 2137 scenici
591 2092 639 2137 asrt
651 2086 756 2155 xystici
770 2087 902 2140 donatum

105 2162 174 2214 olim
193 2160 392 2224 vendidissent,
417 2159 572 2212 auferretur
590 2162 769 2229 emptoribus,
790 2164 901 2233 quando

102 2237 150 2288 illi
165 2236 311 2304 absumpto
325 2235 416 2300 pretio
431 2235 539 2288 solvere
554 2236 707 2304 nequirent.
745 2238 900 2304 utcontra,

102 2310 176 2364 nibil
189 2327 245 2362 non
259 2324 308 2376 per
323 2309 437 2360 comites
452 2316 535 2378 atque
551 2311 667 2363 libertos
687 2313 777 2379 pretio
799 2313 900 2378 addici,

103 2391 154 2438 asrt
163 2386 264 2438 donari
272 2399 370 2452 passus
380 2390 423 2434 est
431 2385 531 2451 gratia,
542 2385 901 2454 vecflgalia,immuuitates,

102 2459 786 2531 poenasinnocentium,impunitatemnoxiorum.
827 2463 900 2524 Quin

103 2538 202 2600 etiam,
223 2534 327 2604 populo
342 2533 468 2586 Romano
484 2535 648 2604 deposcente
662 2536 828 2604 supplicium
842 2537 900 2590 Ha-

102 2612 159 2667 loti
173 2617 201 2664 et
211 2610 355 2678 Tigellini,
377 2610 454 2661 solos
469 2625 502 2661 cx
518 2610 645 2662 omnibus
655 2611 774 2664 Neronis
789 2612 901 2666 emissa-

101 2685 154 2740 riis
168 2685 214 2739 vel
228 2685 493 2738 maleficentissimos
506 2685 659 2739 incolumes
669 2688 815 2756 praestitit.
854 2689 901 2743 dt-

103 2777 158 2832 que
167 2759 422 2829 insuperlielotrua
431 2762 628 2834 procuratione
639 2762 809 2831 amplissuna
820 2777 901 2818 orna-

138 2855 285 2903 Surrou.
678 2857 695 2902 s
