2026 3020
120 196 153 254 ls
395 201 422 253 c.
450 200 636 252 sennenn
668 211 669 214 ¹

120 331 269 382 invocavit.
308 328 489 382 Existimetur
503 328 587 380 etiam
597 330 736 394 equestres
747 341 844 378 census
853 321 915 394 pol·
975 317 977 322 ’

122 404 214 456 licitus
225 404 354 471 singulis:
375 404 450 471 qnod
461 403 563 456 accidit
578 401 708 469 opinione
722 400 804 452 falsa.
843 401 915 451 Nam

122 495 204 546 quum
214 481 243 530 in
255 479 421 546 alloquendo
433 476 659 543 exhortandoque
674 477 785 542 saepius
796 476 915 543 digitum

120 554 215 605 laevae
226 569 323 604 manus
334 559 475 606 ostentans
485 554 642 614 affirmaret,
654 567 683 602 se
695 551 730 602 ad
740 550 914 602 satisfacien-

122 628 185 682 dum
197 629 336 692 omnihus,
351 643 400 694 per
411 644 480 695 quos
491 628 652 695 dignitatem
662 641 740 678 snam
752 625 914 677 defensurus
992 663 993 690 ,

122 709 206 768 esset,
228 703 358 754 annulum
374 718 482 770 quoqne
502 717 591 770 aequo
612 702 704 752 aninro
726 700 915 752 detracturum

121 778 188 828 sibi:
209 783 330 829 extrema
340 779 447 842 concio,
454 779 499 828 cui
508 777 619 830 facilius
630 775 792 828 erat-videre
802 776 914 826 concio-

121 858 243 916 nantem,
259 867 342 918 qnam
357 852 465 915 audire,
480 868 531 920 pro
547 852 621 904 dicto
637 852 755 917 accepit,
767 850 843 917 quod
853 850 916 902 visu

121 927 326 994 suspicabatur:
354 927 575 995 promissumque
597 928 641 978 ins
668 927 831 978 annulorum
853 941 914 976 mun

121 1002 243 1054 millibus
254 1003 449 1070 quadringenis
459 1001 534 1054 fama
545 1002 661 1054 distulit.

178 1076 305 1129 XXXIV.
327 1077 401 1130 Ordo
414 1084 441 1130 et
455 1091 563 1130 summa
576 1093 679 1140 rerum,
701 1091 769 1143 quas
786 1076 915 1142 deinceps
994 1131 995 1142 ἢ

122 1154 216 1221 gessit,
227 1153 268 1203 sie
278 1169 307 1204 se
317 1150 426 1204 habent.
463 1152 602 1216 Picenum,
615 1151 763 1216 Umbriam,
777 1151 916 1200 Etruniam

124 1227 282 1295 occupavit:
302 1231 330 1278 et
344 1226 376 1278 L.
389 1226 527 1291 Darnitio,
549 1229 609 1294 qui,
631 1241 679 1293 per
693 1225 840 1277 tumultum
855 1241 916 1276 suc·

124 1318 217 1355 cessar
227 1302 287 1354 eius
296 1303 467 1366 nonrinatus,
483 1301 634 1354 Corfinium
644 1301 783 1368 praesidio
795 1301 915 1363 tenebat,

122 1380 153 1429 in
164 1377 331 1430 deditionem
341 1377 454 1428 redacto
470 1383 552 1444 atque
566 1377 694 1440 dimisso,
711 1376 860 1428 secundnm
871 1391 916 1424 su-

122 1468 219 1522 perum
229 1467 304 1504 mare
313 1451 490 1504 Brundisium
500 1453 624 1515 tetendit,
636 1468 690 1519 quo
703 1449 916 1502 consulesl'om·
958 1457 965 1472 ·

123 1529 257 1596 peiusque
272 1526 463 1594 confugerant,
485 1527 685 1594 quamprimum
700 1525 915 1577 transfretaturi.

124 1603 186 1656 lios
199 1604 304 1654 frustm
314 1617 363 1669 per
379 1618 472 1654 omnes
487 1617 579 1653 maras
590 1602 666 1653 exitu
676 1599 822 1669 prohibere
832 1616 916 1651 cona-

123 1685 181 1744 tus,
202 1678 318 1730 Romam
332 1677 385 1730 iter
399 1677 545 1728 convertit:
570 1677 769 1744 appellatisque
783 1676 817 1727 de
837 1691 917 1742 repn-
996 1715 997 1726 ,

125 1754 199 1804 blica
213 1753 351 1820 patribus,
372 1751 557 1803 validissimas
572 1750 698 1818 Pompeii
717 1751 825 1817 copias,
846 1766 918 1816 quae

126 1829 176 1881 snb
195 1828 284 1880 tribus
303 1826 414 1893 legatis,
435 1827 474 1878 Μ.
489 1825 599 1878 Petreio
620 1833 647 1877 et
656 1826 689 1878 L.
705 1825 820 1876 Afranio
836 1831 864 1875 et
878 1825 917 1874 nt.

125 1901 264 1967 Varrone,
279 1903 312 1966 in¹
319 1902 458 1969 Hispania
467 1908 557 1966 erant,
572 1902 686 1964 irrvasit,
702 1900 843 1967 professus
855 1906 918 1950 ante

125 1979 198 2031 inter
207 1995 282 2043 suos,
293 1977 332 2028 ire
342 1993 369 2028 se
379 1978 415 2028 ad
423 1977 565 2045 exercitam
575 1976 631 2028 nne
642 1976 713 2037 daec,
727 1985 752 2026 et
762 1974 822 2026 inde
832 1991 918 2025 rener-

127 2071 216 2123 aarum
230 2054 369 2106 addacem
383 2052 438 2104 sine
453 2051 578 2106 exercitu.
616 2051 653 2101 Et
667 2065 833 2118 quemqnam
845 2050 918 2102 obsi-

127 2129 366 2190 dioneMassiliae,
373 2143 442 2194 qnae
453 2128 507 2178 sibi
516 2128 545 2176 in
556 2127 653 2176 itinere
664 2132 759 2192 portas
771 2126 918 2186 clauserat,

127 2218 286 2269 sunrmaque
296 2202 490 2252 frumentariae
505 2202 546 2252 rei
556 2201 670 2267 pcnmia
680 2201 846 2264 retardante,
860 2201 918 2251 bre-

126 2278 156 2328 vi
165 2283 256 2330 tamen
268 2277 360 2328 omma
370 2277 486 2343 subegit.

183 2352 298 2404 XXXV.
309 2352 383 2402 Hinc
388 2353 459 2405 Urbe
470 2353 587 2420 repetita
596 2351 917 2405 inMacedoniamtrans·

127 2444 248 2496 gressus,
264 2428 437 2494 Pompeium,
459 2443 507 2496 per
521 2435 640 2496 quatuor
650 2443 736 2496 paene
746 2445 853 2480 menses
863 2444 919 2480 ma-

127 2505 210 2556 ximis
222 2505 362 2556 obsessum
378 2505 519 2570 operibus,
542 2504 577 2556 ad
591 2510 739 2557 extremum
755 2503 918 2555 Pharsalico

127 2579 235 2645 proelio
246 2579 329 2631 fudit:
351 2584 378 2631 et
387 2578 535 2647 fugientem
545 2579 738 2632 Alexandriam
750 2586 919 2646 persecutus,

128 2658 160 2704 ut
172 2655 293 2706 occisum
304 2653 492 2721 deprehendit,
504 2670 564 2708 cnm
576 2655 735 2707 Ptolemaeo
747 2671 824 2724 rege,
837 2671 854 2706 a
865 2669 920 2722 qna

128 2727 184 2782 sibi
194 2744 302 2800 quoqne
313 2731 429 2784 insidias
440 2732 516 2784 tendi
525 2731 649 2800 videbat,
660 2731 762 2785 beilum
773 2747 841 2785 sane
851 2730 922 2784 diffi-
