2026 3020
124 204 162 260 st
191 225 194 232 ·
410 209 436 254 c.
458 206 646 256 socruum

132 334 180 387 diu
189 332 236 386 vel
243 337 324 386 nocte
335 329 527 392 subtrahebat3
543 331 715 398 augebatque
725 332 788 397 iter,
799 337 831 384 ut
841 335 930 386 serius

132 409 327 476 subsequentes
339 407 512 472 defatigaret.

188 482 287 534 LXVI.
307 482 394 532 Fama
407 497 473 532 vero
489 479 631 532 hostilium
647 482 790 548 copiarum
801 486 931 550 perterri-

130 565 176 610 tos
189 575 246 610 non
260 556 387 624 negando
402 556 595 620 minuendum,
618 556 666 606 sed
679 555 793 624 insuper
813 559 927 624 ampliti-
1002 595 1003 604 ,

133 633 221 686 cando
243 629 469 698 ementiendoque
490 631 680 682 continuabat.
723 631 821 698 ltaque
847 649 930 700 quum
1002 645 1003 696 t

132 708 301 776 exspectatio
314 705 446 757 adventus
458 705 542 756 lubac
551 705 685 756 terribilis
697 713 781 769 esset,
794 721 930 759 convoco·
1002 701 1003 740 3

130 785 167 834 tis
179 783 215 842 ad
226 782 386 833 concionem
396 781 544 844 militibus,
557 779 668 842 Scitote,
685 781 787 848 inquit,
799 782 930 848 paucissi·
1002 789 1003 806 ¹

98 879 99 882 ¹
132 856 181 908 ntis
192 855 234 906 bis
246 856 334 907 diebus
344 872 434 926 regem
444 853 593 923 affuturum
608 871 667 906 curu
678 855 764 906 decem
775 855 929 924 legionibus,

132 931 248 1058 equitum
259 930 382 1000 triginta,
395 931 455 982 leuis
465 938 619 982 ostentarat
634 939 737 988 centum
748 930 868 995 millibus,
881 934 929 982 eie·
1002 929 1003 970 l

130 1085 202 1134 ulmo
213 1089 262 1133 aut
271 1080 382 1148 opinari,
395 1079 525 1146 midique,
542 1079 588 1146 qui
597 1088 757 1146 conspertum
767 1079 862 1144 labeo,
875 1097 931 1132 cre·

131 1159 210 1209 dunt:
221 1165 270 1206 aut
279 1155 389 1222 quidem,
401 1155 576 1206 remotissima
587 1170 651 1206 nuos
661 1153 802 1222 impositos,
815 1171 931 1221 quoeun-

131 1249 180 1299 que
190 1240 265 1282 nento
276 1230 304 1281 in
314 1243 481 1296 quascunque
492 1237 577 1280 terras
587 1228 679 1280 iubebo
690 1229 773 1281 aceli.

187 1303 299 1356 LXVII.
321 1304 432 1356 Delicta
442 1319 530 1371 neque
542 1305 708 1356 observabat
718 1307 825 1371 omnia,
841 1321 930 1374 neque

132 1397 182 1448 pro
194 1380 278 1430 niodo
291 1380 503 1446 exsequebatur3
529 1379 578 1430 sed
589 1378 759 1431 desertorum
772 1397 804 1431 ac
815 1381 929 1433 seditio-

132 1471 225 1508 sorum
242 1455 433 1522 et'inquisitor
451 1460 478 1505 et
492 1455 606 1520 punitor
622 1456 784 1520 acerrimus,
802 1458 929 1508 connive-

131 1533 180 1582 bat
193 1531 223 1582 iu
238 1530 344 1584 ceteris.
381 1530 421 1580 Ac
440 1544 636 1596 nonnunquam
656 1536 721 1597 post
738 1545 867 1598 magnum
880 1547 929 1599 pu-

131 1621 214 1673 gnam
230 1611 311 1672 atque
325 1605 484 1667 victoriam,
506 1605 621 1656 remisso
638 1605 793 1658 officiorum
807 1622 929 1670 munere,

132 1681 276 1732 licentiam
297 1694 403 1730 curnem
429 1679 533 1745 passim
556 1678 720 1731 lasciviendi
744 1681 929 1748 permittebat,

131 1757 237 1806 iactare
257 1753 370 1817 solitus,
391 1753 485 1805 milites
500 1769 559 1806 suos
573 1753 653 1806 otium
669 1764 847 1824 ureguentotoe
867 1757 930 1808 bene

127 1847 252 1900 pugnare
266 1826 358 1896 posee':
387 1843 438 1880 nec
456 1828 551 1880 milites
570 1845 618 1880 eos
638 1845 689 1896 pro
713 1831 860 1896 concione,
880 1831 929 1884 sed

130 1905 273 1958 blandiori
284 1904 396 1956 nomine
406 1904 593 1958 comeniiitouee
608 1905 778 1972 appellabat:
798 1904 930 1961 habebat-

132 1999 184 2050 que
194 1987 251 2032 tam
263 1980 364 2044 odius,
384 1984 416 2029 ut
431 1985 543 2046 argento
560 1985 588 2030 et
603 1995 670 2032 auro
681 1981 778 2048 politis
790 1983 875 2032 armis
887 1997 929 2034 or-

131 2062 223 2120 naret,
238 2055 359 2109 simulet
370 2054 405 2104 ad
414 2055 546 2120 speciem,
563 2058 590 2105 et
600 2070 655 2120 quo
666 2056 822 2120 tenaciores
833 2073 928 2108 eorum

131 2133 161 2182 iu
171 2131 278 2198 proelio
291 2134 381 2181 essent
392 2135 466 2180 metu
476 2128 578 2178 damni.
610 2127 753 2196 Diligebat
763 2145 875 2198 quoque
884 2148 929 2182 us-

133 2221 185 2273 que
197 2204 279 2268 adeo,
300 2208 332 2254 ut
347 2202 442 2254 audita
458 2203 535 2254 clade
550 2203 698 2255 'Pitiniana
712 2205 828 2256 barbam
844 2207 929 2274 capil-

131 2281 241 2347 lumque
252 2277 426 2341 summiserit,
438 2293 488 2328 nec
499 2283 562 2330 ante
573 2277 733 2346 dempserit,
745 2296 829 2347 quam
839 2282 928 2332 vindi-

132 2359 230 2406 casset.
271 2354 376 2415 Quibus
390 2353 471 2405 rebus
486 2359 514 2404 et
528 2352 721 2406 devotissimos
732 2355 786 2406 sibi
797 2361 825 2408 et
834 2355 928 2408 fortis·

132 2428 360 2484 simosreddidit.
904 2483 907 2488 ,

188 2504 313 2556 LXVIII.
333 2503 460 2570 Ingresso
476 2501 556 2556 civile
569 2505 672 2556 bellum
689 2506 864 2558 centuriones
884 2523 929 2558 eu-

131 2583 229 2648 iusque
244 2579 362 2648 legionis
377 2579 501 2646 singulos
515 2581 621 2647 equites
636 2597 651 2632 e
665 2581 768 2632 viatico
785 2597 835 2632 suo
849 2582 929 2633 obtu-

132 2655 234 2705 lenmt:
257 2655 379 2708 umiversi
393 2655 494 2707 milites
508 2656 658 2722 gratuitam
673 2661 700 2706 et
715 2656 773 2706 sine
788 2654 928 2709 frumento

132 2729 325 2796 stipendioque
337 2745 457 2797 operam,
464 2746 546 2798 quum
557 2731 714 2784 tenuiorum
724 2730 840 2782 tutelam
850 2732 930 2784 locu·

162 1006 238 1058 'ands
249 1005 379 1058 decentis.
420 1004 537 1056 Proinde
552 1003 672 1056 desinunt
687 1003 794 1071 quidam
804 1021 931 1071 quaerum
1002 1013 1003 1060 i
