2026 3020
239 206 496 254 OCTAVIANUS.
534 207 613 266 GAP,
632 208 761 283 41-433
861 209 900 262 ⁷5·
968 230 975 240 ¹

94 328 159 398 qaia
171 339 274 385 certum
284 329 404 394 haberet,
421 347 554 398 perceptor
564 332 731 386 ambitionem
742 335 895 402 quandoque

93 403 214 458 restitui
253 406 341 472 Atque
350 407 392 457 ita
401 405 519 472 posthae
532 423 588 459 rem
604 409 779 474 temperavit,
799 416 895 462 utnon

92 482 233 533 minorem
253 486 394 534 aratorum
415 497 448 532 ac
466 482 680 548 negotiantium,
701 498 783 551 quam
798 484 911 552 populi

93 557 235 608 rationem
246 556 365 606 duceret.

150 629 254 686 XLlll.
275 630 502 697 Spectaculorum
512 638 539 682 et
550 633 713 686 assiduitate
724 639 752 686 et
760 634 894 685 varietate

95 703 180 774 atque
194 706 400 772 magnificentia
416 721 510 758 omnes
530 709 684 762 antecessit.
723 709 834 762 Fecisse
854 709 894 760 lu-

95 783 146 832 dos
158 797 197 845 se,
210 781 263 844 ait,
275 796 326 832 erro
336 782 448 835 nomine
458 788 568 848 quater3
589 799 639 850 pro
651 784 715 834 aliis
725 785 894 851 magistrati-

94 856 212 923 bus‚qui
223 861 272 910 arrt
282 856 409 910 abessent
418 862 531 908 autnon
541 859 751 923 sufficerentter
761 866 789 911 et
798 861 892 912 vicies.

95 933 229 999 Fecitque
242 947 439 1000 nonnunquam
458 932 585 996 vicatim,
606 948 639 984 ac
658 934 783 1000 pluribus
804 936 893 990 scenis

94 1023 142 1076 per
163 1007 289 1062 omnium
308 1006 464 1073 linguarum
480 1004 637 1058 histriones.
678 1006 820 1075 [Munera]
837 1015 907 1058 non'

94 1083 122 1134 in
132 1081 197 1138 iore
210 1081 295 1132 modo
305 1083 394 1153 necin
405 1079 621 1148 amphitheatro,
637 1081 724 1136 sedin
736 1082 815 1132 Circo
827 1087 854 1132 et
864 1083 892 1134 iu

96 1157 196 1224 Septis,
203 1156 301 1219 edidit,
306 1161 334 1206 et
345 1156 495 1224 aliquando
505 1153 576 1208 nihil
585 1162 694 1223 praeter
703 1157 876 1209 venationem
885 1172 892 1218 3

95 1231 216 1284 athletas
226 1231 372 1286 exstructis
383 1231 413 1282 in
423 1231 630 1298 campoMartio
637 1231 770 1284 sedilibus
780 1231 891 1299 ligneis.;

94 1309 159 1359 item
168 1306 271 1361 navale
281 1305 417 1372 proelium
429 1306 503 1356 circa
513 1307 637 1360 Tiberim
653 1314 751 1360 cavato
767 1308 841 1371 solo,
863 1308 892 1358 in

96 1399 148 1449 quo
160 1396 236 1438 nunc
246 1381 394 1436 Caesarum
408 1395 503 1434 nemus
519 1387 569 1432 est.
609 1382 716 1443 eribus
732 1383 829 1436 diebus
845 1398 891 1434 eu-

96 1457 188 1510 stodes
203 1457 235 1506 in
248 1456 325 1507 Urbe.
343 1455 489 1522 disposuit,
510 1472 544 1510 ne
558 1458 674 1508 raritate
692 1459 891 1518 remanentium

95 1531 302 1599 grassatoribus
314 1531 436 1581 obnoxia
447 1536 526 1582 esset.
565 1531 596 1580 ln
608 1532 688 1584 Circo
705 1533 816 1598 aurigas
831 1548 901 1591 cur-¹

96 1621 229 1674 sonosque
239 1610 267 1658 et
278 1604 449 1657 confectores
460 1605 580 1658 ferarum
586 1644 594 1670 ‚
614 1612 642 1658 et
651 1621 847 1674 nonnunquam
858 1621 891 1656 ex

95 1681 272 1735 nobilissima
281 1681 433 1744 inventute,
445 1681 585 1747 produxit.
625 1681 679 1734 Sed
694 1688 722 1734 et
731 1682 834 1733 Troiae
850 1681 891 1732 lu-

97 1757 158 1812 dum
180 1755 270 1807 edidit
288 1754 520 1823 frequentissime,
545 1757 681 1808 maiorum
701 1758 891 1824 miuonuuque

96 1846 246 1898 pueronrm
257 1829 463 1896 delectu,prisci
474 1830 621 1896 decorique
631 1833 890 1893 morisexistimans,
909 1887 913 1898 Ι

97 1907 189 1962 narce
199 1905 295 1972 stirpis
304 1904 425 1956 indolem
436 1905 477 1956 sic
487 1908 637 1956 notescere.
675 1904 706 1956 ln
721 1904 774 1956 hoc
784 1905 890 1955 ludicro

97 1983 125 2034 G.
146 1981 270 2038 Nouium
290 1980 481 2046 Asprenatem,
501 1978 581 2045 lapsu
601 1978 785 2042 debilitatum,
807 1993 891 2028 aureo

96 2064 195 2128 torque
211 2055 338 2117 douretin
362 2069 515 2123 passusque
531 2058 584 2116 est,
605 2054 695 2120 ipsum
711 2059 892 2123 posterosque

96 2131 236 2199 Torquati
254 2129 326 2182 ferre
347 2145 506 2196 cognomen.
550 2127 619 2180 Mox
638 2129 719 2180 finem
737 2127 804 2184 iecit
822 2128 905 2179 talia*

97 2207 208 2271 edendi,
229 2205 324 2256 Asinio
340 2203 468 2256 Pollione
483 2210 594 2256 oratore
609 2205 730 2272 gravitm
742 2205 891 2256 invidiose·

98 2299 148 2350 que
158 2284 189 2335 in
200 2281 278 2332 curia
289 2285 385 2347 questo
395 2280 537 2332 Aesernini
547 2281 655 2347 nepotis
667 2281 827 2348 suicasum,
844 2279 892 2345 qui

98 2359 193 2424 etipse
205 2372 268 2407 crus
279 2354 433 2421 effregerat.
471 2352 513 2406 Ad
528 2356 651 2406 scenicas
666 2371 775 2424 quoque
792 2361 819 2404 et
833 2353 891 2419 gla-

98 2431 235 2485 diatorias
255 2445 366 2498 operas,
388 2436 416 2481 et
435 2429 572 2496 equitibus
586 2429 719 2481 Romanis
740 2425 891 2496 aliquando

98 2522 162 2560 usus
173 2512 230 2569 est3
250 2521 343 2558 venun
358 2505 435 2572 prius
451 2519 532 2569 quam
547 2511 659 2556 senatus
671 2502 797 2556 consulto
808 2502 892 2551 inter·

99 2581 245 2634 diceretur.
282 2580 384 2632 Postea
398 2577 469 2629 nihil
487 2593 565 2642 sane,
587 2583 788 2650 praeterquam¹
799 2574 891 2626 adole·

98 2656 250 2708 scentulum
260 2653 378 2708 Lucium
388 2651 502 2705 honeste
510 2657 617 2716 namen,
633 2649 769 2714 exhibuit,
784 2655 891 2701 tantum

98 2738 127 2790 ut
141 2729 309 2797 ostenderet,
332 2728 406 2798 quod
425 2732 485 2780 erat
498 2725 622 2792 bipedali
635 2727 737 2792 minor,
758 2725 891 2780 librarum
915 2763 917 2768 ,
