2050 3034
118 235 167 288 ssa
394 234 422 282 c.
448 229 642 302 suulrouu

116 375 179 414 turn
190 356 415 411 consuetudinem
427 372 520 410 amore
531 362 559 410 et
568 353 918 426 gratisvalusrltmaxime

118 435 258 502 cognitum
273 440 327 499 est,
349 450 431 503 quum
447 439 513 501 post
527 448 668 486 excessum
683 431 801 500 Augusti
818 431 919 484 tumul-

116 516 226 562 tuantes
237 516 264 562 et
273 509 428 561 infurorem
439 525 525 578 usque
534 505 918 578 praecipitessolushauddu-

115 587 161 638 bie
173 589 322 653 conspectu
331 600 382 636 suo
393 583 562 652 llexiuNon
572 584 642 635 enim
654 583 732 651 prius
744 581 918 648 destiterunt,

117 677 199 728 quam
210 660 335 726 ablegari
344 675 405 711 eum
417 659 452 710 ob
464 659 610 711 seditionis
620 657 917 726 periculum‚etinpro-

115 737 219 786 ximam
230 735 368 786 civitatem
379 733 541 785 demandari
551 732 816 785 animadvertissent.
838 734 918 785 Tunc

116 810 224 864 demum
240 809 276 860 ad
290 810 489 876 poenitentiam
506 811 593 875 versi,
613 824 744 877 reprenso
760 823 794 859 ac
807 813 916 861 retento

114 883 251 949 vehiculo,
262 885 405 950 invidiam,
417 899 487 953 quae
498 884 553 936 sibi
562 886 647 949 fieret,
660 883 800 951 deprecati
810 889 883 935 sunt.

170 959 206 1011 X.
228 959 382 1013 Comitatus
398 967 440 1012 est
457 965 562 1028 patrem
578 965 606 1011 et
622 959 652 1010 in
667 957 785 1026 Syriaca
804 959 916 1026 expedi·
1008 977 1009 982 ¹

113 1036 204 1100 tione3
223 1036 296 1088 unde
306 1051 432 1088 reversus
442 1035 560 1105 primum
575 1035 605 1085 in
619 1034 728 1098 matris,
749 1033 861 1098 deinde,
882 1050 916 1098 ea

113 1111 247 1180 relegata,
258 1112 287 1162 in
295 1111 538 1180 Liviaellugustae
548 1111 680 1180 proaviae
691 1123 758 1160 suae
769 1109 915 1161 contuber-

112 1187 161 1239 nio
182 1187 295 1239 mansit:
326 1202 408 1255 quam
429 1186 599 1250 defunctam,
619 1190 808 1253 praetextatus
829 1184 914 1236 etiam

113 1267 181 1327 tum,
192 1278 243 1330 pro
254 1263 354 1314 rostris
366 1261 499 1314 laudavit.
529 1261 707 1328 Transiitque
718 1260 754 1310 ad
765 1259 914 1310 Antoniam

115 1338 216 1402 aviam,
228 1343 255 1390 et
264 1337 329 1389 inde
339 1338 470 1389 vicesimo
483 1337 584 1388 aetatis
595 1351 667 1388 anno
680 1336 785 1388 accitus
792 1334 914 1402 Capreas

115 1427 133 1462 a
143 1412 271 1476 Tiberio,
291 1428 347 1465 uno
363 1419 446 1480 atque
456 1412 552 1465 eodem
564 1411 608 1463 die
618 1416 713 1478 togam
724 1410 842 1477 sumpsit
851 1410 915 1462 bar·
1008 1413 1009 1422 ³

113 1487 233 1553 bamque
243 1488 350 1556 posuit,
371 1487 430 1539 sine
439 1487 498 1539 ullo
514 1485 631 1550 honore,
653 1485 744 1555 qualis
760 1485 916 1552 contigerat

113 1562 246 1614 tirocinio
257 1561 374 1614 fratmun
385 1563 453 1614 eius.
492 1561 548 1613 Hic
563 1561 690 1614 omnibus
704 1559 815 1612 insidiis
825 1564 914 1612 tenta·
1008 1621 1009 1628 ἵ

113 1642 159 1688 tus
170 1637 337 1688 elicientium
349 1635 559 1705 cogentiumque
570 1652 599 1688 se
611 1636 646 1686 ad
658 1635 797 1705 querelas,
808 1635 914 1686 nullam

113 1726 235 1778 unquam
256 1711 430 1762 occasionem
446 1711 533 1776 dedit,
553 1711 668 1779 perinde
685 1711 833 1764 obliterato
850 1726 913 1762 suo-

112 1801 174 1836 rum
186 1800 264 1850 casu,
281 1801 314 1837 ac
328 1786 353 1837 si
362 1785 433 1839 nihil
443 1787 570 1856 cuiquam
583 1785 743 1848 accidisset3
764 1800 836 1854 qnae
846 1802 913 1838 vero

112 1861 173 1930 ipse
187 1866 340 1930 pateretur,
359 1862 518 1915 incredibili
532 1861 754 1914 dissimulatione
771 1861 913 1914 transmit·

113 1943 187 2000 tens3
207 1938 332 2007 tantique
342 1938 371 1990 in
382 1955 471 2003 avum,
482 1944 509 1990 et
520 1938 568 2006 qui
577 1937 656 1988 iuxta
667 1942 757 2000 erant,
774 1936 911 2006 obsequii,

112 2018 145 2064 ut
154 2028 210 2065 non
220 2013 357 2066 immerito
369 2015 406 2066 sit
417 2014 533 2078 dictum,
553 2029 601 2064 nec
615 2027 717 2064 sernum
731 2011 865 2064 meliorem
875 2011 911 2064 ul-

113 2089 174 2150 lum,
187 2104 234 2140 nec
245 2088 399 2141 deteriorem
410 2086 643 2158 dominusnsus'sse.
855 2083 877 2118 ⁴

169 2161 217 2212 Xl.
238 2163 372 2216 Naturam
396 2171 488 2216 tamen
511 2179 622 2216 saevam
643 2168 725 2234 atque
745 2163 912 2234 probrosam

113 2251 164 2288 nec
173 2241 239 2287 tunc
250 2239 360 2304 quidem
369 2237 493 2290 inhibere
503 2243 622 2306 poterat,
629 2241 695 2308 quin
706 2246 733 2292 et
742 2240 912 2292 animadver-

114 2311 240 2362 sionibus
250 2314 402 2381 poenisque
417 2313 453 2365 ad
467 2313 632 2381 supplicium
647 2314 775 2366 datorum
792 2315 912 2384 cupidis-

113 2387 182 2440 sime
197 2387 354 2452 interesset,
375 2395 403 2440 et
417 2405 521 2458 ganeas
542 2394 624 2459 atque
645 2389 783 2442 adulteria
799 2389 912 2458 capilla-

113 2468 206 2514 mento
218 2463 322 2514 celanss
333 2470 361 2516 et
368 2471 443 2518 veste
453 2465 538 2532 longa
548 2465 676 2517 noctibus
687 2465 790 2529 obiret,
812 2481 846 2518 ac
857 2481 912 2519 sce·
1008 2459 1009 2526 J

111 2536 190 2588 nieas
204 2538 326 2590 saltandi
341 2541 511 2611 canendique
526 2547 599 2594 artes
614 2540 818 2592 studiosissime
829 2556 911 2609 appe·
1008 2559 1009 2574 ¹

112 2617 195 2675 teret;
210 2613 292 2666 facile
302 2615 332 2666 id
342 2617 527 2670 saneTiberio
539 2618 668 2684 patiente,
680 2615 705 2666 si
714 2631 763 2683 per
772 2613 825 2666 has
834 2631 911 2666 man·

114 2688 224 2739 suelieri
233 2696 328 2757 posset
337 2691 425 2744 ferum
436 2694 494 2745 eius
504 2693 643 2760 ingenium
649 2707 657 2754 ;
678 2689 752 2758 quod
762 2690 911 2758 sagacissi·
1008 2685 1009 2714 ³

114 2774 174 2814 mus
185 2779 266 2814 senex
276 2765 317 2815 ita
327 2781 441 2834 prorsus
451 2765 911 2838 perspexerat‚utaliquotiesqrae·
