2044 3028
243 255 288 302 DE
306 255 517 303 lLLUSTRlBUS
537 255 771 306 GRAMMATICIS.
854 258 903 310 353

107 397 172 450 quc,
197 386 229 430 ut
250 380 310 446 ipsc
333 381 431 445 tradit,
457 382 656 448 sexagesimum
680 383 778 434 aetatis
802 399 902 436 annum

108 471 205 522 agens,
226 454 336 506 libellos
356 454 533 523 ineptiarum,
555 458 604 524 qui
617 471 688 510 nimo
701 457 823 510 Iocorum
844 457 900 529 [iu]

105 532 276 594 scribuntur,
298 547 461 597 componere
479 532 617 584 instituit:
647 533 819 603 absolvitque
840 549 900 588 ocn-

106 613 163 658 tum
175 612 203 657 ct
212 606 423 673 quinquaginta,
441 607 541 675 quibus
550 613 578 659 ct
588 608 660 660 allos
670 609 793 662 diversos
803 615 900 675 postea

107 681 223 731 addidit.
261 680 340 732 Fecit
354 687 382 732 et
398 697 498 732 novum
512 694 598 750 genus
612 689 782 751 togatarum,
803 686 899 738 inscri-

82 805 87 812 ,
105 756 213 825 psitquc
225 755 367 808 traiectas.

59 885 62 891 ,
160 829 249 882 XXll.
278 831 317 882 M.
342 830 510 883 Pouroruus
539 832 734 899 Mancunnus,
764 836 898 888 sernronis

104 905 201 968 Latini
216 912 328 958 exactor
342 905 565 971 molestissimus,
585 908 614 958 in
635 908 817 964 advocatione
831 927 898 980 qua·

106 981 169 1032 dam
186 983 259 1043 (nani
271 981 406 1032 interdum
418 987 446 1032 ct
456 995 567 1034 caussas
578 984 689 1051 agebat)
705 985 899 1038 soloecismum

106 1056 265 1108 adversario
280 1055 382 1108 factum
396 1072 482 1123 usqua
497 1057 567 1109 adeo
582 1074 696 1128 arguere
706 1062 898 1128 perseveravit,

107 1131 200 1198 quoad
211 1131 322 1182 Cassius
333 1131 460 1196 Severus,
475 1133 657 1200 interpellatis
666 1135 817 1199 iudicibus,
829 1135 898 1187 dila-

106 1207 209 1258 tionem
224 1207 321 1274 petiit:
345 1215 377 1260 ut
388 1206 511 1275 litigator
524 1224 586 1260 onice
600 1209 680 1262 alium
692 1210 898 1279 grammaticum

106 1280 255 1344 adhiberet,
280 1282 406 1347 “puarido
421 1292 565 1349 conputat
582 1284 605 1334 is
625 1298 683 1336 oum
703 1284 852 1338 adversario
868 1286 898 1336 de

105 1355 163 1406 iure
183 1355 244 1418 sibi,
266 1357 311 1407 sed
323 1357 354 1407 de
368 1357 515 1410 soloecismo
530 1359 732 1412 controversiam
745 1360 897 1432 suturam.'¹
962 1355 964 1360 ’

106 1431 161 1484 llic
175 1430 247 1482 idem
263 1447 345 1498 quum
359 1447 392 1484 cx
408 1433 533 1484 oratione
548 1434 689 1486 Tiberium
710 1435 897 1504 reprehendis·

104 1513 158 1572 set,
172 1507 323 1558 affirmante
332 1507 577 1577 Attaioilapitone,
589 1519 617 1562 et
625 1525 678 1560 esse
687 1509 752 1560 illud
759 1510 895 1573 Latinum,

105 1590 143 1643 ct,
155 1580 180 1634 oi
192 1598 243 1634 oon
254 1591 330 1644 esset,
339 1581 485 1654 fictorum:
502 1583 578 1636 Certe
588 1585 641 1636 iam
651 1584 785 1648 mentitur,
797 1586 895 1656 inquit,

106 1656 208 1723 Capito.
252 1653 292 1706 Tu
303 1656 382 1719 enim,
396 1657 505 1721 Caesar,
517 1659 649 1714 deitatem
659 1660 723 1712 dare
729 1670 803 1727 potet
814 1659 895 1712 domi-

104 1731 191 1795 nibus,
203 1731 279 1782 cerdo
289 1748 340 1784 non
346 1739 430 1798 poteo.
468 1732 592 1802 Pugilem
604 1735 669 1796 olim
680 1735 775 1801 fuisse,
785 1737 896 1788 Asillius

104 1805 202 1858 Gallus
212 1804 303 1858 hocin
313 1822 374 1860 eum
385 1807 579 1874 epigrammate
589 1810 726 1862 ostendii:

181 1880 235 1946 Qui
244 1889 324 1948 caput
331 1881 368 1934 od
376 1883 474 1936 laevam
485 1883 588 1948 dedicit,
598 1886 757 1952 glaucomata
767 1883 840 1938 nobit

216 1955 370 2024 Praecipit:
390 1973 418 2010 os
428 1959 537 2021 numm,
548 1959 808 2029 oelpotiacpngilicl

159 2031 261 2099 XXlll.
281 2031 314 2094 Q.
325 2031 456 2086 Bruuius
466 2032 640 2098 Panionion,
651 2033 824 2099 vicentinus,
836 2049 894 2086 mu·

102 2107 179 2158 lieris
189 2121 285 2170 verna,
296 2107 397 2173 primo,
407 2115 438 2160 ut
447 2107 546 2174 feriunt,
557 2111 717 2174 textrinum,
730 2110 836 2175 deinde,
848 2108 893 2161 bc-

102 2183 181 2234 rilem
195 2179 282 2232 lilium
297 2181 361 2234 dum
376 2184 523 2236 comitatur
534 2185 565 2236 iu
578 2183 701 2250 scholas,
713 2186 807 2238 literas
822 2185 893 2237 didi-

102 2258 158 2310 cit:
182 2263 279 2325 postca
292 2259 487 2324 manumissus,
507 2260 602 2312 docuit
614 2260 730 2326 Romae,
746 2277 780 2324 ac
792 2261 893 2330 princi·

102 2348 164 2402 pem
183 2331 275 2384 locum
294 2332 366 2384 inter
384 2337 580 2400 grammaticos
597 2337 702 2390 tenuitt
727 2349 893 2406 quamquam

102 2405 213 2458 lnfaruis
225 2407 350 2458 omnibus
359 2407 446 2474 vitiis,
462 2410 607 2480 palamque
621 2417 649 2464 et
658 2412 770 2464 Tiberio
786 2417 814 2466 ct
826 2417 892 2464 mox

103 2479 220 2532 Claudio
231 2481 463 2548 praedicantibus,
477 2486 581 2539 nemini
588 2488 678 2538 minua
691 2487 892 2545 institutionem

8 2609 9 2626 ,
101 2570 246 2624 puerorem
256 2556 434 2612 veliuvenum
446 2561 684 2614 committendam:
704 2561 753 2614 sed
763 2563 892 2632 capiebat

8 2627 11 2690 ξ
100 2629 224 2684 homines
236 2647 317 2700 quum
327 2635 459 2686 memoria
469 2635 778 2701 rerum,tumiaoilitotc
788 2643 892 2690 sermo·
957 2679 959 2684 .

100 2707 162 2758 uis‘:
186 2722 237 2758 nec
250 2721 305 2758 non
320 2709 403 2760 ctiam
417 2716 545 2778 poemata
564 2711 685 2764 faciebat
703 2723 737 2765 ex
755 2717 888 2778 tempora.

99 2779 217 2850 Scripsit
235 2783 319 2834 variis
339 2799 388 2836 nec
407 2785 565 2855 vulgaribus
584 2788 685 2840 metris.
723 2787 918 2862 Arrogantlv-
955 2859 961 2866 Ι
989 2817 998 2836 ι

133 2874 276 2921 sunnon.
664 2879 684 2927 z
859 2913 861 2918 ,
886 2869 1014 2970 '-
