2026 3020
106 195 138 252 ts
389 199 416 242 c.
436 197 625 242 suurourr

104 328 163 378 eius
185 323 335 392 praefixum
355 318 452 372 hastae
468 319 647 371 circumtulit:
668 325 765 386 postea
781 321 905 374 solidam

105 401 260 453 columnam
275 412 361 464 prope
374 395 473 461 viginti
488 394 586 460 pedum
603 395 705 460 lapidis
715 395 858 448 Numidici
872 398 904 448 in

103 477 166 527 foro
193 474 304 535 statuit,
334 471 512 536 scripsitque:
544 465 703 520 PARENTI
733 469 901 524 l‘n'rRmil.

78 594 81 602 ,
104 551 183 618 Apud
202 548 314 600 eandem
330 546 412 610 longo
432 549 556 610 tempore
571 545 741 608 sacrificare,
762 551 901 596 votasus-

99 628 208 692 mpero,
226 621 428 674 controversias
443 619 576 685 quasdam
590 619 755 686 interposito
771 635 821 686 per
832 621 901 672 Cae-

105 716 194 752 sarem
204 695 382 748 iureiuraudo
394 691 546 746 distrahere
555 696 749 761 perseveravit.

161 769 314 824 LXXXVI.
335 769 526 836 Suspicionem
536 769 639 820 Caesar
654 769 819 837 quibusdam
836 787 900 822 suo·

104 865 165 902 rum
175 847 299 913 reliquit,
320 859 407 910 neque
422 844 543 896 voluisse
558 860 587 895 se
598 844 702 896 diutius
711 845 802 897 virere
812 861 901 913 noque

106 939 230 986 curasse,
252 919 327 988 quod
340 919 497 970 valetudine
512 919 602 970 miuus
617 934 750 987 prospera
762 926 900 982 uteretur;

106 999 234 1065 ideoque,
244 1003 271 1047 et
282 1010 351 1063 quae
362 994 510 1062 religiones
519 999 674 1057 monerent,
685 1000 713 1045 et
724 1010 794 1062 quae
803 1011 902 1048 renun-

108 1076 213 1126 ciarent
223 1072 313 1135 amici,
324 1069 486 1136 neglexisse.
516 1068 586 1121 Sunt
595 1069 642 1135 qui
652 1075 756 1136 putent,
768 1071 901 1122 conlisum

108 1165 168 1202 eum
178 1147 329 1200 novissimo
344 1145 394 1196 illo
411 1151 521 1196 senatus
533 1144 659 1196 consulto
671 1160 704 1194 ae
712 1145 901 1209 iureiurando,

108 1225 191 1276 etiem
202 1221 343 1274 mrstodias
349 1220 547 1285 Hispanorum,
555 1233 614 1269 euru
625 1218 727 1284 gladiis
738 1221 902 1271 sectantium

108 1315 152 1362 se,
163 1296 326 1350 removisse:
347 1293 421 1344 aliie
432 1293 541 1344 diverso
554 1293 709 1360 opinatum,
725 1294 844 1346 iusidias
852 1309 901 1346 un-

109 1374 191 1439 dique
201 1371 373 1422 imminentes
383 1368 476 1418 subire
486 1367 571 1420 semel
580 1368 668 1420 setius
679 1384 752 1433 esse,
764 1385 847 1436 quam
857 1385 902 1422 ca-

111 1463 172 1500 vere
186 1460 300 1512 semper.
338 1442 394 1494 Alii
408 1442 511 1506 ferunt,
533 1443 623 1494 dicere
638 1443 764 1509 solitum,
784 1461 837 1498 nou
848 1453 903 1498 tum

110 1537 158 1572 rua
169 1536 248 1588 quam
257 1517 414 1585 reipublicae
424 1517 557 1580 iuteresse,
568 1517 610 1570 uti
619 1520 704 1570 saluus
715 1527 793 1572 erret:
811 1536 838 1571 re
848 1519 903 1572 ium

108 1596 209 1664 pridem
215 1593 352 1662 potentiue
363 1592 517 1660 gloriaeque
527 1593 629 1644 abunde
638 1595 762 1660 adeptum
766 1611 779 1656 ,·
799 1612 902 1662 rempu-

110 1671 215 1732 ldr'eam,
237 1669 261 1720 ri
273 1666 338 1734 quid
350 1667 400 1718 eidi
414 1667 539 1730 eveniret,
560 1684 642 1733 neque
653 1669 769 1735 quietum
776 1669 854 1740 fore,
878 1680 905 1722 et

109 1745 245 1812 aliquanto
256 1741 384 1794 deteriore
394 1741 542 1794 conditione
552 1741 640 1794 ciuilia
651 1743 716 1796 della
726 1744 881 1796 subituram.

165 1816 330 1871 Lxxxvn.
350 1816 422 1868 lllud
437 1816 518 1883 plane
533 1818 605 1868 inter
621 1833 714 1870 omnes
728 1817 785 1870 iere
802 1822 902 1872 eonsti-

31 1885 34 1894 “
110 1897 156 1959 tit,
176 1894 260 1946 talem
280 1893 307 1943 ei
325 1897 439 1944 mortem
459 1908 546 1959 paene
561 1907 595 1942 ex
610 1894 745 1944 sententia
760 1895 903 1962 obtigisse.

108 1970 181 2024 Nam
191 1977 219 2022 et
229 1967 376 2035 quondam,
388 1983 470 2035 quum
481 1966 769 2035 apudXenophontem
780 1969 901 2036 legisset,

111 2047 213 2113 Cyrum
223 2043 321 2095 ultima
330 2042 486 2094 valetudine
500 2040 645 2092 mandasse
661 2043 797 2110 quaedam
812 2045 845 2096 de
860 2045 902 2098 iu-

107 2137 172 2174 uere
182 2135 246 2182 suo,
263 2124 424 2184 aspernatus
433 2123 491 2166 tam
501 2115 604 2167 lentum
613 2119 711 2170 mortis
721 2133 816 2185 genus,
826 2121 902 2172 subi·

107 2202 165 2245 tam
179 2193 235 2243 sibi
249 2191 417 2258 celeremque
432 2196 587 2257 optaverat:
612 2197 639 2243 et
653 2193 743 2260 pridie
758 2210 840 2262 quam
856 2212 901 2248 oo-

109 2267 257 2329 cideretsu,
278 2267 307 2316 in
322 2281 446 2316 sermone
461 2270 527 2316 nato
544 2281 627 2333 super
643 2283 756 2319 coenam
771 2270 846 2337 apud
860 2270 900 2322 M.

107 2342 257 2410 Lepidum,
279 2341 404 2407 quisnam
415 2346 487 2391 esset
496 2341 557 2391 finis
567 2342 641 2393 vitae
652 2344 900 2411 commodissimus,

107 2417 279 2486 repentinum
289 2416 515 2482 inopinatumque
525 2417 702 2482 praetulerat.

160 2489 339 2543 LXXXVIII.
359 2489 446 2542 Periit
456 2497 533 2544 sexto
544 2498 573 2542 et
587 2491 814 2560 quinquagesimo
826 2501 899 2548 aets-

106 2569 143 2618 tis
154 2583 241 2622 anno:
262 2572 343 2633 atque
353 2565 382 2616 in
393 2565 507 2617 deorum
516 2582 657 2620 numerum
667 2568 771 2620 selanus
782 2576 832 2633 est,
843 2586 899 2624 non

108 2658 155 2694 ore
174 2641 258 2694 modo
280 2641 495 2706 decernentium,
516 2642 564 2693 sed
575 2649 602 2694 et
616 2645 795 2710 persuasione
809 2645 899 2713 vulgi:

107 2715 242 2784 siquidem
251 2717 337 2781 ludis,
357 2732 425 2784 quos
434 2718 524 2786 primo
536 2723 711 2773 consecratos
722 2720 749 2774 ei
758 2718 836 2774 heres
846 2722 900 2774 Au·
