2036 3022
147 189 196 244 8⁰⁰
426 192 452 239 0.
476 190 659 240 sunronn

149 316 267 369 Sabinus
284 315 319 367 ad
333 314 534 385 praefecturam
543 316 638 380 Urbis,
653 315 745 366 minor
754 313 946 382 Vespasianus

149 392 185 444 ad
194 392 378 460 principatum
392 392 633 461 usqueprocessit.
671 389 756 442 Polla
765 390 945 444 Nrusiacho-
1008 455 1009 460 Ἰ

147 475 225 519 nesto
241 482 339 535 genere
354 473 428 531 orta,
439 463 544 534 patrem
556 465 652 518 habuit
662 464 828 532 Vespasium
840 465 944 519 Pollio·
1008 487 1009 534 l

146 559 221 606 nem,
240 549 283 593 ter
296 543 434 593 tribunum
450 542 581 606 militum,
597 539 823 608 praefectumque
839 550 944 599 castro·

96 612 104 629 ¹
146 629 206 668 rum
218 633 224 679 ;
245 615 356 668 fratrem
367 621 521 668 senatorem
531 617 686 684 praetoriae
697 616 854 682 dignitatis.
889 616 944 667 Lo·

148 707 194 742 cus
219 692 302 742 etiam
325 706 397 742 nunc
422 690 456 740 ad
482 698 587 742 sextum
612 690 773 742 milliarium
799 707 816 743 a
840 690 945 743 Nursia

147 765 299 832 Spoletium
314 767 440 816 euntibus
454 767 484 816 iu
499 773 590 817 monte
605 781 709 818 sermmo
722 767 882 834 appellatur
891 765 945 817 Ve-

146 841 274 906 spasiae;
303 841 352 890 ubi
375 839 573 910 Vespasiorum
598 841 740 908 complura
764 848 945 893 monumenta

146 921 266 979 exstant,
287 931 414 983 magnum
434 915 567 967 indicium
587 915 741 984 splendoris
761 915 896 980 familiae,
917 921 946 967 et

145 991 299 1042 vetrutatis.
338 991 401 1042 Non
414 991 583 1058 negaverim,
594 992 727 1042 iactatum
738 1005 755 1040 a
766 991 944 1060 quibusdam,

145 1064 272 1116 Petronis
283 1072 387 1133 patrem
402 1082 417 1117 c
432 1066 544 1133 regione
555 1065 755 1132 Transpadana
770 1066 856 1118 luisse
867 1083 944 1117 man-

147 1142 233 1207 cipem
245 1157 402 1206 operarum,
419 1156 489 1208 quae
500 1155 533 1190 ex
545 1141 657 1191 Umbria
666 1140 696 1191 in
707 1139 827 1192 Sabinos
838 1141 875 1191 ad
887 1141 944 1192 cul-

144 1222 235 1266 turam
247 1230 374 1282 agrorum
386 1215 534 1282 quotannis
549 1230 702 1267 commeare
717 1215 857 1279 solerent;
878 1217 943 1266 sub-

146 1290 249 1341 sedisse
260 1283 349 1342 antem
360 1290 497 1356 inoppido
504 1289 630 1354 Reatino,
636 1305 722 1342 uxore
732 1290 836 1341 ibidem
847 1290 943 1343 deuota.

113 1406 114 1410 ,
145 1364 205 1431 Ipse
220 1381 253 1416 ne
268 1366 412 1432 vestigium
424 1364 534 1433 quidem
545 1365 578 1417 de
589 1364 654 1430 boc,
670 1366 795 1434 quamvis
811 1367 880 1440 satis
896 1382 942 1417 cu-

145 1440 218 1490 riose
228 1440 405 1506 inquirerem,
417 1437 517 1508 invenit.

201 1514 225 1564 ll
228 1553 234 1565 .
254 1515 441 1582 Vespasianus
451 1520 533 1566 natus
544 1522 585 1566 est
594 1516 624 1566 in
635 1513 745 1566 Sabinis
754 1515 830 1566 ultra
840 1514 942 1579 Reate,

144 1591 205 1641 vico
227 1590 345 1653 modico,
367 1589 412 1640 cui
431 1605 530 1640 nomen
550 1595 593 1641 cst
605 1588 777 1654 Phalacrine,
794 1591 941 1659 quintode-

145 1666 216 1716 cimo
231 1663 371 1716 Kalendas
385 1663 557 1728 Decembris,
573 1665 692 1732 vesperi,
705 1665 737 1726 Q.
750 1664 877 1734 Sulpicio
889 1666 941 1716 Ga-

144 1739 258 1804 merino,
271 1739 300 1789 C.
311 1738 442 1807 Poppaeo
454 1738 557 1792 Sabino
570 1740 737 1804 consulibus,
750 1741 940 1812 quinquennio

145 1820 207 1867 ante
218 1829 298 1882 quam
309 1815 447 1882 Augustus
458 1815 600 1867 excederet
611 1832 618 1864 x
638 1815 770 1866 educatus
786 1816 837 1866 sub
848 1823 941 1883 pater-

143 1906 179 1940 na
194 1891 257 1940 avia
267 1890 404 1956 Tertulla,
419 1891 449 1941 in
459 1889 581 1957 praediis
593 1889 718 1941 Cosanis.
758 1890 851 1951 Quare
864 1893 941 1959 prin-

145 1982 207 2032 ceps
228 1982 336 2035 quoque
357 1972 383 2018 et
402 1965 494 2018 locum
514 1965 742 2017 incunabulorum
759 1965 872 2018 assidue
886 1967 941 2016 fre·

145 2042 297 2106 quentavit,
308 2047 433 2092 manente
443 2040 523 2106 villa,
537 2038 627 2109 qualis
637 2039 728 2092 luerat
738 2040 814 2105 olim,
826 2057 861 2092 ne
872 2041 941 2108 quid
975 2055 977 2058 ·

143 2115 249 2166 scilicet
269 2116 410 2167 oculorum
432 2115 623 2167 consuetudini
641 2116 795 2182 deperiret:
815 2122 844 2166 et
859 2117 941 2167 aviae

143 2191 302 2241 memoriam
312 2196 457 2257 tantopere
467 2191 572 2254 dilexit,
584 2197 615 2240 ut
625 2189 803 2242 sollemnibus
814 2207 849 2242 ae
857 2191 940 2242 festis
1008 2247 1009 2258 γ

144 2263 239 2334 diebus
255 2264 358 2333 pocillo
371 2281 479 2335 quoque
490 2266 548 2317 eius
564 2270 693 2332 argenteo
704 2271 802 2332 potare
811 2281 939 2334 persevc-
1008 2305 1009 2310 η

141 2339 252 2391 raverit.
292 2339 405 2408 Sumpta
419 2347 485 2408 toga
498 2339 586 2404 virili,
607 2340 693 2390 latum
714 2340 829 2404 clavum,
851 2357 939 2410 qnan—
1008 2361 1009 2370 2

143 2430 223 2483 quam
234 2415 318 2467 fratre
330 2415 439 2482 adepto,
451 2416 499 2466 diu
510 2422 650 2466 aversatus
660 2421 714 2476 est3
725 2431 774 2466 nec
784 2421 815 2466 ut
824 2416 939 2468 tandem

143 2497 294 2556 appeteret,
306 2489 434 2558 compelli
447 2491 502 2541 nisi
513 2496 625 2542 amatre
634 2490 734 2558 potuit.
773 2489 816 2540 Ea
826 2491 938 2542 demum

141 2563 255 2629 extudit,
266 2565 354 2632 magis
366 2565 490 2616 convicio
502 2579 583 2632 quam
594 2565 720 2632 precibus
730 2564 774 2616 vel
785 2567 939 2618 anctorita-

140 2641 180 2700 te,
192 2637 255 2688 dum
270 2655 330 2690 eum
344 2639 493 2691 identidem
506 2654 556 2708 per
570 2640 763 2692 contumeliam
777 2643 937 2692 anteambu-

140 2707 230 2760 lonem
246 2711 340 2764 fratris
356 2714 485 2781 appellat.
524 2715 664 2766 Tribunus
679 2715 795 2768 militum
807 2715 837 2768 in
848 2714 934 2769 Thra·
