<?xml version="1.0" encoding="UTF-8"?>
<!DOCTYPE html PUBLIC "-//W3C//DTD XHTML 1.0 Transitional//EN"
    "http://www.w3.org/TR/xhtml1/DTD/xhtml1-transitional.dtd">
<html xmlns="http://www.w3.org/1999/xhtml" xml:lang="en" lang="en">
 <head>
  <title>
</title>
<meta http-equiv="Content-Type" content="text/html;charset=utf-8" />
  <meta name='ocr-system' content='tesseract 3.04.00' />
  <meta name='ocr-capabilities' content='ocr_page ocr_carea ocr_par ocr_line ocrx_word'/>
</head>
<body>
  <div class='ocr_page' id='page_1' title='image "./csuetoniitranqu05suetgoog_0336.png"; bbox 0 0 2044 3028; ppageno 0'>
   <div class='ocr_carea' id='block_1_1' title="bbox 114 181 629 235">
    <p class='ocr_par' dir='ltr' id='par_1_1' title="bbox 114 181 629 235">
     <span class='ocr_line' id='line_1_1' title="bbox 114 181 629 235; baseline -0.016 0"><span class='ocrx_word' id='word_1_1' title='bbox 114 182 163 235; x_wconf 74' lang='grc'>326</span> <span class='ocrx_word' id='word_1_2' title='bbox 391 183 417 228; x_wconf 68' lang='lat' dir='ltr'>C,</span> <span class='ocrx_word' id='word_1_3' title='bbox 442 181 629 230; x_wconf 80' lang='lat' dir='ltr'>SUETONII</span> 
     </span>
    </p>
   </div>
   <div class='ocr_carea' id='block_1_2' title="bbox 111 305 912 526">
    <p class='ocr_par' dir='ltr' id='par_1_2' title="bbox 111 305 912 526">
     <span class='ocr_line' id='line_1_2' title="bbox 114 305 911 375; baseline -0.003 -15"><span class='ocrx_word' id='word_1_4' title='bbox 114 321 200 375; x_wconf 87' lang='lat' dir='ltr'>eaque</span> <span class='ocrx_word' id='word_1_5' title='bbox 210 307 362 359; x_wconf 77' lang='lat' dir='ltr'>novissmra</span> <span class='ocrx_word' id='word_1_6' title='bbox 373 306 464 358; x_wconf 88' lang='lat' dir='ltr'>aulico</span> <span class='ocrx_word' id='word_1_7' title='bbox 476 313 611 374; x_wconf 87' lang='lat' dir='ltr'>apparatu</span> <span class='ocrx_word' id='word_1_8' title='bbox 621 306 772 358; x_wconf 77' lang='lat' dir='ltr'>induceret.</span> <span class='ocrx_word' id='word_1_9' title='bbox 812 305 852 358; x_wconf 83' lang='lat' dir='ltr'>Ac</span> <span class='ocrx_word' id='word_1_10' title='bbox 861 321 911 374; x_wconf 86' lang='lat' dir='ltr'>per</span> 
     </span>
     <span class='ocr_line' id='line_1_3' title="bbox 114 381 912 451; baseline -0.005 -15"><span class='ocrx_word' id='word_1_11' title='bbox 114 399 193 436; x_wconf 84' lang='lat' dir='ltr'>onrne</span> <span class='ocrx_word' id='word_1_12' title='bbox 197 383 383 450; x_wconf 83' lang='lat' dir='ltr'>gladiatorum</span> <span class='ocrx_word' id='word_1_13' title='bbox 389 381 574 450; x_wconf 89' lang='lat' dir='ltr'>spectaculum</span> <span class='ocrx_word' id='word_1_14' title='bbox 580 387 643 434; x_wconf 90' lang='lat' dir='ltr'>ante</span> <span class='ocrx_word' id='word_1_15' title='bbox 651 381 735 451; x_wconf 91' lang='lat' dir='ltr'>pedes</span> <span class='ocrx_word' id='word_1_16' title='bbox 746 382 807 434; x_wconf 65' lang='lat' dir='ltr'>murs</span> <span class='ocrx_word' id='word_1_17' title='bbox 818 383 912 434; x_wconf 68' lang='lat' dir='ltr'>nabat</span> 
     </span>
     <span class='ocr_line' id='line_1_4' title="bbox 111 457 911 526; baseline -0.004 -16"><span class='ocrx_word' id='word_1_18' title='bbox 111 457 243 526; x_wconf 73' lang='lat' dir='ltr'>petendus</span> <span class='ocrx_word' id='word_1_19' title='bbox 259 459 429 522; x_wconf 79' lang='lat' dir='ltr'><strong>coccinatus,</strong></span> <span class='ocrx_word' id='word_1_20' title='bbox 450 463 630 526; x_wconf 86' lang='lat' dir='ltr'>portentuoso</span> <span class='ocrx_word' id='word_1_21' title='bbox 650 471 793 524; x_wconf 86' lang='lat' dir='ltr'>parvoque</span> <span class='ocrx_word' id='word_1_22' title='bbox 810 457 911 524; x_wconf 88' lang='lat' dir='ltr'>capite,</span> 
     </span>
    </p>
   </div>
   <div class='ocr_carea' id='block_1_3' title="bbox 112 532 1010 604">
    <p class='ocr_par' dir='ltr' id='par_1_3' title="bbox 112 532 1010 604">
     <span class='ocr_line' id='line_1_5' title="bbox 112 532 1010 604; baseline -0.006 -16"><span class='ocrx_word' id='word_1_23' title='bbox 112 551 174 599; x_wconf 87' lang='lat' dir='ltr'>cum</span> <span class='ocrx_word' id='word_1_24' title='bbox 184 550 239 604; x_wconf 90' lang='lat' dir='ltr'>quo</span> <span class='ocrx_word' id='word_1_25' title='bbox 250 534 397 602; x_wconf 89' lang='lat' dir='ltr'>plurimum</span> <span class='ocrx_word' id='word_1_26' title='bbox 407 532 596 598; x_wconf 82' lang='lat' dir='ltr'>fabulabatur,</span> <span class='ocrx_word' id='word_1_27' title='bbox 616 547 815 602; x_wconf 89' lang='lat' dir='ltr'>nonnunquam</span> <span class='ocrx_word' id='word_1_28' title='bbox 825 533 912 584; x_wconf 88' lang='lat' dir='ltr'>serio.</span> <span class='ocrx_word' id='word_1_29' title='bbox 1009 549 1010 554; x_wconf 50' lang='lat'>¹</span> 
     </span>
    </p>
   </div>
   <div class='ocr_carea' id='block_1_4' title="bbox 111 607 913 752">
    <p class='ocr_par' dir='ltr' id='par_1_4' title="bbox 111 607 913 752">
     <span class='ocr_line' id='line_1_6' title="bbox 111 607 911 675; baseline -0.005 -13"><span class='ocrx_word' id='word_1_30' title='bbox 111 610 228 662; x_wconf 78' lang='lat' dir='ltr'><strong>Auditus</strong></span> <span class='ocrx_word' id='word_1_31' title='bbox 238 614 280 661; x_wconf 90' lang='lat' dir='ltr'>est</span> <span class='ocrx_word' id='word_1_32' title='bbox 291 615 375 673; x_wconf 88' lang='lat' dir='ltr'>certe,</span> <span class='ocrx_word' id='word_1_33' title='bbox 397 608 460 660; x_wconf 79' lang='lat' dir='ltr'>dno</span> <span class='ocrx_word' id='word_1_34' title='bbox 475 624 509 660; x_wconf 84' lang='lat' dir='ltr'>ex</span> <span class='ocrx_word' id='word_1_35' title='bbox 524 625 557 660; x_wconf 92' lang='lat' dir='ltr'>eo</span> <span class='ocrx_word' id='word_1_36' title='bbox 574 608 693 675; x_wconf 86' lang='lat' dir='ltr'>quaerit,</span> <span class='ocrx_word' id='word_1_37' title='bbox 716 607 813 674; x_wconf 78' lang='lat' dir='ltr'>ecquid</span> <span class='ocrx_word' id='word_1_38' title='bbox 821 607 911 670; x_wconf 83' lang='lat' dir='ltr'>sciret,</span> 
     </span>
     <span class='ocr_line' id='line_1_7' title="bbox 112 682 913 752; baseline -0.01 -12"><span class='ocrx_word' id='word_1_39' title='bbox 112 703 160 740; x_wconf 83' lang='lat' dir='ltr'>cur</span> <span class='ocrx_word' id='word_1_40' title='bbox 179 683 231 736; x_wconf 79' lang='lat' dir='ltr'>cili</span> <span class='ocrx_word' id='word_1_41' title='bbox 249 684 332 736; x_wconf 78' lang='lat' dir='ltr'>ciuem</span> <span class='ocrx_word' id='word_1_42' title='bbox 352 693 428 746; x_wconf 77' lang='lat' dir='ltr'>esset,</span> <span class='ocrx_word' id='word_1_43' title='bbox 454 682 620 736; x_wconf 79' lang='lat' dir='ltr'>ordinatione</span> <span class='ocrx_word' id='word_1_44' title='bbox 640 683 766 751; x_wconf 78' lang='lat' dir='ltr'>prexirnc</span> <span class='ocrx_word' id='word_1_45' title='bbox 787 682 913 752; x_wconf 77' lang='lat' dir='ltr'>Aegypto</span> 
     </span>
    </p>
   </div>
   <div class='ocr_carea' id='block_1_5' title="bbox 30 756 913 830">
    <p class='ocr_par' dir='ltr' id='par_1_5' title="bbox 30 756 913 830">
     <span class='ocr_line' id='line_1_8' title="bbox 30 756 913 830; baseline -0.006 -17"><span class='ocrx_word' id='word_1_46' title='bbox 30 762 34 770; x_wconf 89' lang='lat'>&#39;</span> <span class='ocrx_word' id='word_1_47' title='bbox 107 759 254 830; x_wconf 84' lang='lat' dir='ltr'>praeficere</span> <span class='ocrx_word' id='word_1_48' title='bbox 269 756 402 811; x_wconf 83' lang='lat' dir='ltr'>Maecium</span> <span class='ocrx_word' id='word_1_49' title='bbox 416 757 527 830; x_wconf 70' lang='lat' dir='ltr'>Rufioni.</span> <span class='ocrx_word' id='word_1_50' title='bbox 566 759 663 810; x_wconf 85' lang='lat' dir='ltr'>Edidit</span> <span class='ocrx_word' id='word_1_51' title='bbox 675 758 789 810; x_wconf 87' lang='lat' dir='ltr'>navales</span> <span class='ocrx_word' id='word_1_52' title='bbox 804 773 913 826; x_wconf 86' lang='lat' dir='ltr'>pugnas</span> 
     </span>
    </p>
   </div>
   <div class='ocr_carea' id='block_1_6' title="bbox 112 833 916 1278">
    <p class='ocr_par' dir='ltr' id='par_1_6' title="bbox 112 833 916 1278">
     <span class='ocr_line' id='line_1_9' title="bbox 112 833 912 904; baseline -0.004 -17"><span class='ocrx_word' id='word_1_53' title='bbox 112 851 200 904; x_wconf 84' lang='lat' dir='ltr'>paene</span> <span class='ocrx_word' id='word_1_54' title='bbox 213 835 348 885; x_wconf 87' lang='lat' dir='ltr'>iustarum</span> <span class='ocrx_word' id='word_1_55' title='bbox 365 833 506 898; x_wconf 86' lang='lat' dir='ltr'>classium,</span> <span class='ocrx_word' id='word_1_56' title='bbox 528 833 630 886; x_wconf 81' lang='lat' dir='ltr'>effosso</span> <span class='ocrx_word' id='word_1_57' title='bbox 652 840 679 885; x_wconf 88' lang='lat' dir='ltr'>et</span> <span class='ocrx_word' id='word_1_58' title='bbox 699 834 912 885; x_wconf 67' lang='lat' dir='ltr'>circumstructo</span> 
     </span>
     <span class='ocr_line' id='line_1_10' title="bbox 112 908 913 978; baseline -0.005 -16"><span class='ocrx_word' id='word_1_59' title='bbox 112 913 192 962; x_wconf 79' lang='lat' dir='ltr'>iuxta</span> <span class='ocrx_word' id='word_1_60' title='bbox 209 909 332 960; x_wconf 84' lang='lat' dir='ltr'>Tiberim</span> <span class='ocrx_word' id='word_1_61' title='bbox 352 909 429 972; x_wconf 88' lang='lat' dir='ltr'>lacu;</span> <span class='ocrx_word' id='word_1_62' title='bbox 460 915 541 978; x_wconf 89' lang='lat' dir='ltr'>atque</span> <span class='ocrx_word' id='word_1_63' title='bbox 561 911 633 961; x_wconf 88' lang='lat' dir='ltr'>inter</span> <span class='ocrx_word' id='word_1_64' title='bbox 651 909 789 960; x_wconf 81' lang='lat' dir='ltr'>maxinros</span> <span class='ocrx_word' id='word_1_65' title='bbox 809 908 913 960; x_wconf 86' lang='lat' dir='ltr'>imbres</span> 
     </span>
     <span class='ocr_line' id='line_1_11' title="bbox 112 983 914 1056; baseline -0.004 -19"><span class='ocrx_word' id='word_1_66' title='bbox 112 985 305 1056; x_wconf 83' lang='lat' dir='ltr'>perspectauit.</span> <span class='ocrx_word' id='word_1_67' title='bbox 343 985 422 1038; x_wconf 84' lang='lat' dir='ltr'>Fecit</span> <span class='ocrx_word' id='word_1_68' title='bbox 431 991 459 1036; x_wconf 87' lang='lat' dir='ltr'>et</span> <span class='ocrx_word' id='word_1_69' title='bbox 468 985 550 1036; x_wconf 90' lang='lat' dir='ltr'>ludos</span> <span class='ocrx_word' id='word_1_70' title='bbox 559 983 728 1048; x_wconf 79' lang='lat' dir='ltr'>saecurlares,</span> <span class='ocrx_word' id='word_1_71' title='bbox 751 989 914 1052; x_wconf 76' lang='lat' dir='ltr'>consputata</span> 
     </span>
     <span class='ocr_line' id='line_1_12' title="bbox 112 1059 915 1128; baseline -0.005 -14"><span class='ocrx_word' id='word_1_72' title='bbox 112 1062 222 1114; x_wconf 88' lang='lat' dir='ltr'>ratione</span> <span class='ocrx_word' id='word_1_73' title='bbox 231 1067 384 1128; x_wconf 88' lang='lat' dir='ltr'>temporum</span> <span class='ocrx_word' id='word_1_74' title='bbox 400 1061 435 1110; x_wconf 91' lang='lat' dir='ltr'>ab</span> <span class='ocrx_word' id='word_1_75' title='bbox 451 1075 536 1124; x_wconf 89' lang='lat' dir='ltr'>anno,</span> <span class='ocrx_word' id='word_1_76' title='bbox 557 1075 613 1112; x_wconf 92' lang='lat' dir='ltr'>non</span> <span class='ocrx_word' id='word_1_77' title='bbox 629 1073 683 1128; x_wconf 90' lang='lat' dir='ltr'>quo</span> <span class='ocrx_word' id='word_1_78' title='bbox 699 1059 834 1111; x_wconf 83' lang='lat' dir='ltr'>Claudius</span> <span class='ocrx_word' id='word_1_79' title='bbox 851 1074 915 1126; x_wconf 89' lang='lat' dir='ltr'>pro·</span> 
     </span>
     <span class='ocr_line' id='line_1_13' title="bbox 112 1127 915 1203; baseline -0.006 -14"><span class='ocrx_word' id='word_1_80' title='bbox 112 1137 199 1201; x_wconf 81' lang='lat' dir='ltr'>xime,</span> <span class='ocrx_word' id='word_1_81' title='bbox 220 1137 268 1188; x_wconf 89' lang='lat' dir='ltr'>sed</span> <span class='ocrx_word' id='word_1_82' title='bbox 280 1127 334 1203; x_wconf 85' lang='lat' dir='ltr'>quo</span> <span class='ocrx_word' id='word_1_83' title='bbox 346 1136 412 1186; x_wconf 91' lang='lat' dir='ltr'>olim</span> <span class='ocrx_word' id='word_1_84' title='bbox 422 1136 560 1202; x_wconf 80' lang='lat' dir='ltr'>Arrgrrstus</span> <span class='ocrx_word' id='word_1_85' title='bbox 571 1135 704 1186; x_wconf 83' lang='lat' dir='ltr'>ediderat.</span> <span class='ocrx_word' id='word_1_86' title='bbox 742 1134 774 1184; x_wconf 91' lang='lat' dir='ltr'>ln</span> <span class='ocrx_word' id='word_1_87' title='bbox 785 1132 842 1198; x_wconf 87' lang='lat' dir='ltr'>his,</span> <span class='ocrx_word' id='word_1_88' title='bbox 856 1135 915 1184; x_wconf 86' lang='lat' dir='ltr'>Cir-</span> 
     </span>
     <span class='ocr_line' id='line_1_14' title="bbox 115 1209 916 1278; baseline -0.006 -15"><span class='ocrx_word' id='word_1_89' title='bbox 115 1212 236 1264; x_wconf 83' lang='lat' dir='ltr'>censium</span> <span class='ocrx_word' id='word_1_90' title='bbox 247 1211 304 1275; x_wconf 92' lang='lat' dir='ltr'>die,</span> <span class='ocrx_word' id='word_1_91' title='bbox 326 1226 380 1278; x_wconf 94' lang='lat' dir='ltr'>quo</span> <span class='ocrx_word' id='word_1_92' title='bbox 395 1209 507 1261; x_wconf 80' lang='lat' dir='ltr'>facilius</span> <span class='ocrx_word' id='word_1_93' title='bbox 522 1217 628 1262; x_wconf 88' lang='lat' dir='ltr'>centum</span> <span class='ocrx_word' id='word_1_94' title='bbox 639 1211 739 1261; x_wconf 86' lang='lat' dir='ltr'>missus</span> <span class='ocrx_word' id='word_1_95' title='bbox 750 1225 916 1278; x_wconf 86' lang='lat' dir='ltr'>perageren-</span> 
     </span>
    </p>
   </div>
   <div class='ocr_carea' id='block_1_7' title="bbox 69 1285 1010 1430">
    <p class='ocr_par' dir='ltr' id='par_1_7' title="bbox 69 1285 1010 1430">
     <span class='ocr_line' id='line_1_15' title="bbox 115 1285 1010 1354; baseline -0.006 -15"><span class='ocrx_word' id='word_1_96' title='bbox 115 1295 172 1352; x_wconf 87' lang='lat' dir='ltr'>tur,</span> <span class='ocrx_word' id='word_1_97' title='bbox 185 1287 318 1353; x_wconf 84' lang='lat' dir='ltr'>&#39;singulos</span> <span class='ocrx_word' id='word_1_98' title='bbox 334 1301 351 1336; x_wconf 91' lang='lat' dir='ltr'>a</span> <span class='ocrx_word' id='word_1_99' title='bbox 369 1285 488 1353; x_wconf 83' lang='lat' dir='ltr'>septenis</span> <span class='ocrx_word' id='word_1_100' title='bbox 504 1285 602 1353; x_wconf 79' lang='lat' dir='ltr'>spatiis</span> <span class='ocrx_word' id='word_1_101' title='bbox 618 1286 653 1338; x_wconf 86' lang='lat' dir='ltr'>ad</span> <span class='ocrx_word' id='word_1_102' title='bbox 668 1286 753 1354; x_wconf 90' lang='lat' dir='ltr'>quina</span> <span class='ocrx_word' id='word_1_103' title='bbox 768 1285 915 1352; x_wconf 89' lang='lat' dir='ltr'>corripuit.</span> <span class='ocrx_word' id='word_1_104' title='bbox 1009 1295 1010 1298; x_wconf 74' lang='grc'>’</span> 
     </span>
     <span class='ocr_line' id='line_1_16' title="bbox 69 1359 1010 1430; baseline -0.009 -16"><span class='ocrx_word' id='word_1_105' title='bbox 69 1389 70 1392; x_wconf 37' lang='lat'>¹</span> <span class='ocrx_word' id='word_1_106' title='bbox 116 1362 240 1414; x_wconf 88' lang='lat' dir='ltr'>Instituit</span> <span class='ocrx_word' id='word_1_107' title='bbox 257 1367 284 1412; x_wconf 88' lang='lat' dir='ltr'>et</span> <span class='ocrx_word' id='word_1_108' title='bbox 303 1360 505 1428; x_wconf 79' lang='lat' dir='ltr'>quinquennale</span> <span class='ocrx_word' id='word_1_109' title='bbox 526 1367 663 1412; x_wconf 87' lang='lat' dir='ltr'>certamen</span> <span class='ocrx_word' id='word_1_110' title='bbox 678 1360 840 1430; x_wconf 83' lang='lat' dir='ltr'>Capitolino</span> <span class='ocrx_word' id='word_1_111' title='bbox 857 1359 915 1410; x_wconf 88' lang='lat' dir='ltr'>lovi</span> <span class='ocrx_word' id='word_1_112' title='bbox 1009 1393 1010 1406; x_wconf 40' lang='lat' dir='ltr'>l</span> 
     </span>
    </p>
   </div>
   <div class='ocr_carea' id='block_1_8' title="bbox 116 1435 914 1506">
    <p class='ocr_par' dir='ltr' id='par_1_8' title="bbox 116 1435 914 1506">
     <span class='ocr_line' id='line_1_17' title="bbox 116 1435 914 1506; baseline -0.006 -18"><span class='ocrx_word' id='word_1_113' title='bbox 116 1436 230 1506; x_wconf 84' lang='lat' dir='ltr'>triplex,</span> <span class='ocrx_word' id='word_1_114' title='bbox 241 1437 374 1488; x_wconf 90' lang='lat' dir='ltr'>musicum</span> <span class='ocrx_word' id='word_1_115' title='bbox 380 1473 389 1500; x_wconf 92' lang='lat'>,</span> <span class='ocrx_word' id='word_1_116' title='bbox 401 1441 538 1502; x_wconf 87' lang='lat' dir='ltr'>equestre,</span> <span class='ocrx_word' id='word_1_117' title='bbox 549 1438 720 1503; x_wconf 82' lang='lat' dir='ltr'>gymnicum,</span> <span class='ocrx_word' id='word_1_118' title='bbox 731 1441 758 1486; x_wconf 91' lang='lat' dir='ltr'>et</span> <span class='ocrx_word' id='word_1_119' title='bbox 770 1435 914 1503; x_wconf 89' lang='lat' dir='ltr'>aliquanto</span> 
     </span>
    </p>
   </div>
   <div class='ocr_carea' id='block_1_9' title="bbox 116 1511 1010 1580">
    <p class='ocr_par' dir='ltr' id='par_1_9' title="bbox 116 1511 1010 1580">
     <span class='ocr_line' id='line_1_18' title="bbox 116 1511 1010 1580; baseline -0.008 -16"><span class='ocrx_word' id='word_1_120' title='bbox 116 1512 250 1580; x_wconf 90' lang='lat' dir='ltr'>plurium,</span> <span class='ocrx_word' id='word_1_121' title='bbox 275 1527 356 1580; x_wconf 90' lang='lat' dir='ltr'>quam</span> <span class='ocrx_word' id='word_1_122' title='bbox 377 1527 450 1562; x_wconf 90' lang='lat' dir='ltr'>nunc</span> <span class='ocrx_word' id='word_1_123' title='bbox 469 1516 523 1574; x_wconf 91' lang='lat' dir='ltr'>est,</span> <span class='ocrx_word' id='word_1_124' title='bbox 550 1527 724 1563; x_wconf 89' lang='lat' dir='ltr'>coronarum.</span> <span class='ocrx_word' id='word_1_125' title='bbox 766 1511 918 1562; x_wconf 81' lang='lat' dir='ltr'>Certabant</span> <span class='ocrx_word' id='word_1_126' title='bbox 1009 1517 1010 1520; x_wconf 77' lang='grc'>’</span> 
     </span>
    </p>
   </div>
   <div class='ocr_carea' id='block_1_10' title="bbox 57 1585 920 2406">
    <p class='ocr_par' dir='ltr' id='par_1_10' title="bbox 57 1585 920 2406">
     <span class='ocr_line' id='line_1_19' title="bbox 118 1585 917 1656; baseline -0.005 -17"><span class='ocrx_word' id='word_1_127' title='bbox 118 1589 190 1639; x_wconf 88' lang='lat' dir='ltr'>enim</span> <span class='ocrx_word' id='word_1_128' title='bbox 206 1593 234 1638; x_wconf 90' lang='lat' dir='ltr'>et</span> <span class='ocrx_word' id='word_1_129' title='bbox 247 1601 332 1654; x_wconf 89' lang='lat' dir='ltr'>prosa</span> <span class='ocrx_word' id='word_1_130' title='bbox 348 1586 474 1637; x_wconf 87' lang='lat' dir='ltr'>oratione</span> <span class='ocrx_word' id='word_1_131' title='bbox 486 1585 591 1656; x_wconf 83' lang='lat' dir='ltr'>Graece</span> <span class='ocrx_word' id='word_1_132' title='bbox 601 1586 768 1654; x_wconf 58' lang='lat' dir='ltr'>Latineque</span> <span class='ocrx_word' id='word_1_133' title='bbox 790 1601 824 1636; x_wconf 90' lang='lat' dir='ltr'>ac</span> <span class='ocrx_word' id='word_1_134' title='bbox 838 1600 917 1653; x_wconf 89' lang='lat' dir='ltr'>prae·</span> 
     </span>
     <span class='ocr_line' id='line_1_20' title="bbox 117 1659 917 1730; baseline -0.005 -16"><span class='ocrx_word' id='word_1_135' title='bbox 117 1671 160 1714; x_wconf 84' lang='lat' dir='ltr'>ter</span> <span class='ocrx_word' id='word_1_136' title='bbox 175 1661 351 1714; x_wconf 86' lang='lat' dir='ltr'>citharoedos</span> <span class='ocrx_word' id='word_1_137' title='bbox 367 1659 614 1713; x_wconf 79' lang='lat' dir='ltr'>chorocitharistae</span> <span class='ocrx_word' id='word_1_138' title='bbox 629 1677 739 1730; x_wconf 87' lang='lat' dir='ltr'>qnoque</span> <span class='ocrx_word' id='word_1_139' title='bbox 753 1667 783 1713; x_wconf 86' lang='lat' dir='ltr'>et</span> <span class='ocrx_word' id='word_1_140' title='bbox 803 1660 917 1728; x_wconf 84' lang='lat' dir='ltr'>psiloci·</span> 
     </span>
     <span class='ocr_line' id='line_1_21' title="bbox 57 1735 918 1804; baseline -0.002 -16"><span class='ocrx_word' id='word_1_141' title='bbox 57 1759 63 1766; x_wconf 85' lang='lat'><em>·</em></span> <span class='ocrx_word' id='word_1_142' title='bbox 117 1736 265 1798; x_wconf 81' lang='lat' dir='ltr'>tharistae3</span> <span class='ocrx_word' id='word_1_143' title='bbox 284 1736 314 1787; x_wconf 92' lang='lat' dir='ltr'>in</span> <span class='ocrx_word' id='word_1_144' title='bbox 324 1735 416 1787; x_wconf 89' lang='lat' dir='ltr'>stadio</span> <span class='ocrx_word' id='word_1_145' title='bbox 427 1751 492 1788; x_wconf 90' lang='lat' dir='ltr'>vero</span> <span class='ocrx_word' id='word_1_146' title='bbox 504 1753 585 1788; x_wconf 74' lang='lat' dir='ltr'>ceusu</span> <span class='ocrx_word' id='word_1_147' title='bbox 596 1737 678 1788; x_wconf 85' lang='lat' dir='ltr'>etiam</span> <span class='ocrx_word' id='word_1_148' title='bbox 689 1737 820 1804; x_wconf 78' lang='lat' dir='ltr'>virgirres.</span> <span class='ocrx_word' id='word_1_149' title='bbox 855 1737 918 1787; x_wconf 86' lang='lat' dir='ltr'>Ger·</span> 
     </span>
     <span class='ocr_line' id='line_1_22' title="bbox 118 1811 919 1880; baseline -0.002 -17"><span class='ocrx_word' id='word_1_150' title='bbox 118 1813 217 1864; x_wconf 76' lang='lat' dir='ltr'>tamiru</span> <span class='ocrx_word' id='word_1_151' title='bbox 236 1811 375 1878; x_wconf 88' lang='lat' dir='ltr'>praesedit</span> <span class='ocrx_word' id='word_1_152' title='bbox 395 1811 564 1878; x_wconf 79' lang='lat' dir='ltr'>crepidatus,</span> <span class='ocrx_word' id='word_1_153' title='bbox 585 1827 777 1880; x_wconf 85' lang='lat' dir='ltr'>purpureaque</span> <span class='ocrx_word' id='word_1_154' title='bbox 798 1811 919 1862; x_wconf 87' lang='lat' dir='ltr'>amiotus</span> 
     </span>
     <span class='ocr_line' id='line_1_23' title="bbox 117 1886 918 1955; baseline -0.005 -15"><span class='ocrx_word' id='word_1_155' title='bbox 117 1897 185 1955; x_wconf 85' lang='lat' dir='ltr'>toga</span> <span class='ocrx_word' id='word_1_156' title='bbox 205 1886 389 1952; x_wconf 85' lang='lat' dir='ltr'>Graecanica,</span> <span class='ocrx_word' id='word_1_157' title='bbox 411 1888 501 1954; x_wconf 90' lang='lat' dir='ltr'>capite</span> <span class='ocrx_word' id='word_1_158' title='bbox 520 1894 629 1954; x_wconf 87' lang='lat' dir='ltr'>gestans</span> <span class='ocrx_word' id='word_1_159' title='bbox 650 1902 782 1940; x_wconf 88' lang='lat' dir='ltr'>coronam</span> <span class='ocrx_word' id='word_1_160' title='bbox 804 1902 918 1938; x_wconf 89' lang='lat' dir='ltr'>auream</span> 
     </span>
     <span class='ocr_line' id='line_1_24' title="bbox 119 1961 919 2031; baseline -0.003 -17"><span class='ocrx_word' id='word_1_161' title='bbox 119 1972 178 2014; x_wconf 87' lang='lat' dir='ltr'>eum</span> <span class='ocrx_word' id='word_1_162' title='bbox 191 1964 280 2031; x_wconf 85' lang='lat' dir='ltr'>effigie</span> <span class='ocrx_word' id='word_1_163' title='bbox 290 1962 365 2016; x_wconf 85' lang='lat' dir='ltr'>lovis</span> <span class='ocrx_word' id='word_1_164' title='bbox 376 1979 409 2014; x_wconf 90' lang='lat' dir='ltr'>ac</span> <span class='ocrx_word' id='word_1_165' title='bbox 418 1963 531 2013; x_wconf 91' lang='lat' dir='ltr'>lunonis</span> <span class='ocrx_word' id='word_1_166' title='bbox 541 1962 749 2030; x_wconf 87' lang='lat' dir='ltr'>Minervaeque,</span> <span class='ocrx_word' id='word_1_167' title='bbox 770 1961 919 2014; x_wconf 86' lang='lat' dir='ltr'>assidenti·</span> 
     </span>
     <span class='ocr_line' id='line_1_25' title="bbox 118 2035 919 2104; baseline -0.002 -16"><span class='ocrx_word' id='word_1_168' title='bbox 118 2039 170 2089; x_wconf 87' lang='lat' dir='ltr'>bus</span> <span class='ocrx_word' id='word_1_169' title='bbox 185 2037 264 2090; x_wconf 90' lang='lat' dir='ltr'>Diali</span> <span class='ocrx_word' id='word_1_170' title='bbox 277 2038 420 2090; x_wconf 88' lang='lat' dir='ltr'>sacerdote</span> <span class='ocrx_word' id='word_1_171' title='bbox 435 2044 462 2089; x_wconf 90' lang='lat' dir='ltr'>et</span> <span class='ocrx_word' id='word_1_172' title='bbox 478 2037 596 2104; x_wconf 86' lang='lat' dir='ltr'>collegio</span> <span class='ocrx_word' id='word_1_173' title='bbox 611 2037 777 2090; x_wconf 80' lang='lat' dir='ltr'>Flauialium</span> <span class='ocrx_word' id='word_1_174' title='bbox 791 2038 856 2104; x_wconf 89' lang='lat' dir='ltr'>pari</span> <span class='ocrx_word' id='word_1_175' title='bbox 871 2035 919 2086; x_wconf 91' lang='lat' dir='ltr'>ha-</span> 
     </span>
     <span class='ocr_line' id='line_1_26' title="bbox 118 2113 919 2180; baseline -0.001 -17"><span class='ocrx_word' id='word_1_176' title='bbox 118 2113 445 2180; x_wconf 67' lang='lat' dir='ltr'>bitunisiquodillcrum</span> <span class='ocrx_word' id='word_1_177' title='bbox 457 2113 567 2164; x_wconf 88' lang='lat' dir='ltr'>coronis</span> <span class='ocrx_word' id='word_1_178' title='bbox 577 2113 668 2165; x_wconf 90' lang='lat' dir='ltr'>inerat</span> <span class='ocrx_word' id='word_1_179' title='bbox 677 2119 704 2164; x_wconf 88' lang='lat' dir='ltr'>et</span> <span class='ocrx_word' id='word_1_180' title='bbox 713 2113 802 2180; x_wconf 89' lang='lat' dir='ltr'>ipsius</span> <span class='ocrx_word' id='word_1_181' title='bbox 812 2113 919 2179; x_wconf 87' lang='lat' dir='ltr'>imago.</span> 
     </span>
     <span class='ocr_line' id='line_1_27' title="bbox 121 2187 919 2256; baseline 0 -18"><span class='ocrx_word' id='word_1_182' title='bbox 121 2187 285 2239; x_wconf 81' lang='lat' dir='ltr'>celebrabat</span> <span class='ocrx_word' id='word_1_183' title='bbox 299 2193 326 2239; x_wconf 87' lang='lat' dir='ltr'>et</span> <span class='ocrx_word' id='word_1_184' title='bbox 340 2188 369 2237; x_wconf 91' lang='lat' dir='ltr'>in</span> <span class='ocrx_word' id='word_1_185' title='bbox 379 2187 485 2239; x_wconf 80' lang='lat' dir='ltr'>Albano</span> <span class='ocrx_word' id='word_1_186' title='bbox 502 2188 650 2254; x_wconf 83' lang='lat' dir='ltr'>quotannis</span> <span class='ocrx_word' id='word_1_187' title='bbox 666 2188 854 2256; x_wconf 67' lang='lat' dir='ltr'>Quinquatria</span> <span class='ocrx_word' id='word_1_188' title='bbox 864 2187 919 2238; x_wconf 86' lang='lat' dir='ltr'>Mi·</span> 
     </span>
     <span class='ocr_line' id='line_1_28' title="bbox 119 2261 920 2332; baseline 0.001 -19"><span class='ocrx_word' id='word_1_189' title='bbox 119 2277 227 2326; x_wconf 87' lang='lat' dir='ltr'>nervae,</span> <span class='ocrx_word' id='word_1_190' title='bbox 240 2264 285 2314; x_wconf 91' lang='lat' dir='ltr'>cui</span> <span class='ocrx_word' id='word_1_191' title='bbox 296 2261 442 2330; x_wconf 81' lang='lat' dir='ltr'>collegium</span> <span class='ocrx_word' id='word_1_192' title='bbox 453 2261 623 2332; x_wconf 79' lang='lat' dir='ltr'>instituerat:</span> <span class='ocrx_word' id='word_1_193' title='bbox 644 2277 677 2314; x_wconf 87' lang='lat' dir='ltr'>ex</span> <span class='ocrx_word' id='word_1_194' title='bbox 688 2278 743 2331; x_wconf 90' lang='lat' dir='ltr'>quc</span> <span class='ocrx_word' id='word_1_195' title='bbox 754 2270 831 2315; x_wconf 86' lang='lat' dir='ltr'>sorte</span> <span class='ocrx_word' id='word_1_196' title='bbox 841 2263 920 2314; x_wconf 84' lang='lat' dir='ltr'>ducti</span> 
     </span>
     <span class='ocr_line' id='line_1_29' title="bbox 119 2337 919 2406; baseline 0 -18"><span class='ocrx_word' id='word_1_197' title='bbox 119 2338 279 2405; x_wconf 85' lang='lat' dir='ltr'>magisterio</span> <span class='ocrx_word' id='word_1_198' title='bbox 291 2337 480 2403; x_wconf 72' lang='lat' dir='ltr'>integerentur,</span> <span class='ocrx_word' id='word_1_199' title='bbox 500 2337 698 2406; x_wconf 88' lang='lat' dir='ltr'>redderentque</span> <span class='ocrx_word' id='word_1_200' title='bbox 708 2338 825 2390; x_wconf 80' lang='lat' dir='ltr'>eximias</span> <span class='ocrx_word' id='word_1_201' title='bbox 835 2353 919 2389; x_wconf 84' lang='lat' dir='ltr'>vena-</span> 
     </span>
    </p>
   </div>
   <div class='ocr_carea' id='block_1_11' title="bbox 119 2411 1010 2481">
    <p class='ocr_par' dir='ltr' id='par_1_11' title="bbox 119 2411 1010 2481">
     <span class='ocr_line' id='line_1_30' title="bbox 119 2411 1010 2481; baseline 0.003 -20"><span class='ocrx_word' id='word_1_202' title='bbox 119 2412 210 2464; x_wconf 85' lang='lat' dir='ltr'>tiones</span> <span class='ocrx_word' id='word_1_203' title='bbox 221 2419 249 2465; x_wconf 88' lang='lat' dir='ltr'>et</span> <span class='ocrx_word' id='word_1_204' title='bbox 258 2413 383 2464; x_wconf 88' lang='lat' dir='ltr'>scenicos</span> <span class='ocrx_word' id='word_1_205' title='bbox 392 2411 488 2472; x_wconf 84' lang='lat' dir='ltr'>ludos,</span> <span class='ocrx_word' id='word_1_206' title='bbox 504 2428 639 2481; x_wconf 89' lang='lat' dir='ltr'>superque</span> <span class='ocrx_word' id='word_1_207' title='bbox 654 2418 796 2468; x_wconf 87' lang='lat' dir='ltr'>oratorum</span> <span class='ocrx_word' id='word_1_208' title='bbox 808 2428 842 2464; x_wconf 91' lang='lat' dir='ltr'>ac</span> <span class='ocrx_word' id='word_1_209' title='bbox 851 2417 918 2479; x_wconf 69' lang='lat' dir='ltr'>poti.</span> <span class='ocrx_word' id='word_1_210' title='bbox 1009 2455 1010 2464; x_wconf 71' lang='grc'>,</span> 
     </span>
    </p>
   </div>
   <div class='ocr_carea' id='block_1_12' title="bbox 119 2480 918 2556">
    <p class='ocr_par' dir='ltr' id='par_1_12' title="bbox 119 2480 918 2556">
     <span class='ocr_line' id='line_1_31' title="bbox 119 2480 918 2556; baseline 0.006 -22"><span class='ocrx_word' id='word_1_211' title='bbox 119 2493 209 2537; x_wconf 89' lang='lat' dir='ltr'>tarum</span> <span class='ocrx_word' id='word_1_212' title='bbox 224 2480 382 2539; x_wconf 79' lang='lat' dir='ltr'>certamina.</span> <span class='ocrx_word' id='word_1_213' title='bbox 422 2487 599 2554; x_wconf 82' lang='lat' dir='ltr'>Congiarium</span> <span class='ocrx_word' id='word_1_214' title='bbox 619 2489 722 2556; x_wconf 92' lang='lat' dir='ltr'>populo</span> <span class='ocrx_word' id='word_1_215' title='bbox 741 2503 918 2540; x_wconf 85' lang='lat' dir='ltr'>nummorum</span> 
     </span>
    </p>
   </div>
   <div class='ocr_carea' id='block_1_13' title="bbox 119 2561 1010 2708">
    <p class='ocr_par' dir='ltr' id='par_1_13' title="bbox 119 2561 1010 2708">
     <span class='ocr_line' id='line_1_32' title="bbox 120 2561 1010 2631; baseline 0.009 -22"><span class='ocrx_word' id='word_1_216' title='bbox 120 2565 292 2614; x_wconf 83' lang='lat' dir='ltr'>trecenorum</span> <span class='ocrx_word' id='word_1_217' title='bbox 304 2570 345 2613; x_wconf 88' lang='lat' dir='ltr'>ter</span> <span class='ocrx_word' id='word_1_218' title='bbox 356 2562 440 2626; x_wconf 88' lang='lat' dir='ltr'>dedit,</span> <span class='ocrx_word' id='word_1_219' title='bbox 447 2568 529 2629; x_wconf 87' lang='lat' dir='ltr'>atque</span> <span class='ocrx_word' id='word_1_220' title='bbox 539 2561 612 2614; x_wconf 88' lang='lat' dir='ltr'>inter</span> <span class='ocrx_word' id='word_1_221' title='bbox 622 2563 781 2631; x_wconf 85' lang='lat' dir='ltr'>spectacula</span> <span class='ocrx_word' id='word_1_222' title='bbox 795 2562 919 2616; x_wconf 83' lang='lat' dir='ltr'>muneris</span> <span class='ocrx_word' id='word_1_223' title='bbox 1009 2597 1010 2600; x_wconf 63' lang='lat'><em>=</em></span> 
     </span>
     <span class='ocr_line' id='line_1_33' title="bbox 119 2631 1010 2708; baseline 0.011 -26"><span class='ocrx_word' id='word_1_224' title='bbox 119 2631 304 2700; x_wconf 83' lang='lat' dir='ltr'>largissimum</span> <span class='ocrx_word' id='word_1_225' title='bbox 321 2637 439 2702; x_wconf 90' lang='lat' dir='ltr'>epulum.</span> <span class='ocrx_word' id='word_1_226' title='bbox 482 2637 688 2702; x_wconf 82' lang='lat' dir='ltr'>Septimontiali</span> <span class='ocrx_word' id='word_1_227' title='bbox 710 2653 803 2703; x_wconf 83' lang='lat' dir='ltr'>sucro,</span> <span class='ocrx_word' id='word_1_228' title='bbox 825 2639 918 2708; x_wconf 83' lang='lat' dir='ltr'>primo</span> <span class='ocrx_word' id='word_1_229' title='bbox 1009 2639 1010 2674; x_wconf 45' lang='lat' dir='ltr'>f</span> 
     </span>
    </p>
   </div>
   <div class='ocr_carea' id='block_1_14' title="bbox 120 2704 920 2782">
    <p class='ocr_par' dir='ltr' id='par_1_14' title="bbox 120 2704 920 2782">
     <span class='ocr_line' id='line_1_34' title="bbox 120 2704 920 2782; baseline 0.016 -26"><span class='ocrx_word' id='word_1_230' title='bbox 120 2704 164 2756; x_wconf 89' lang='lat' dir='ltr'>die</span> <span class='ocrx_word' id='word_1_231' title='bbox 175 2711 283 2760; x_wconf 81' lang='lat' dir='ltr'>senatui</span> <span class='ocrx_word' id='word_1_232' title='bbox 292 2711 431 2777; x_wconf 88' lang='lat' dir='ltr'>equitique</span> <span class='ocrx_word' id='word_1_233' title='bbox 442 2712 689 2779; x_wconf 58' lang='lat' dir='ltr'>penuriis,⁴plebci</span> <span class='ocrx_word' id='word_1_234' title='bbox 703 2713 844 2782; x_wconf 84' lang='lat' dir='ltr'>sportellis</span> <span class='ocrx_word' id='word_1_235' title='bbox 856 2729 920 2769; x_wconf 75' lang='lat' dir='ltr'>ctum</span> 
     </span>
    </p>
   </div>
   <div class='ocr_carea' id='block_1_15' title="bbox 0 0 1033 3028">
    <p class='ocr_par' dir='ltr' id='par_1_15' title="bbox 0 0 1033 3028">
     <span class='ocr_line' id='line_1_35' title="bbox 0 0 1033 3028; baseline 0 0"><span class='ocrx_word' id='word_1_236' title='bbox 0 0 1033 3028; x_wconf 95' lang='lat' dir='ltr'> </span> 
     </span>
    </p>
   </div>
  </div>
 </body>
</html>
