2026 3020
106 199 139 256 16
381 203 407 250 G.
432 200 622 248 SUETONll

106 324 188 378 sariis
203 330 293 378 autem
307 325 423 393 pepigit,
448 330 491 388 ut,
513 322 635 374 dimissis
659 328 721 374 octo
741 322 898 392 legionibus

108 401 347 468 Transalpinaque
363 400 469 462 Gallia,
485 399 556 448 diuae
570 398 624 448 sibi
634 398 757 464 legiones
772 405 799 450 et
810 399 898 450 Cisal-

106 475 172 544 pina
181 476 333 544 provincia,
345 474 389 526 vel
399 475 481 525 etiam
491 488 547 522 una
557 472 629 539 legio
642 488 701 524 cum
707 473 820 541 illyrico
833 490 897 526 con·

107 551 255 615 cederetur,
268 548 361 617 qrtoad
372 549 468 601 consul
478 549 563 598 tieret.

161 699 250 751 XXX.
270 697 372 750 Verum
382 714 469 767 neque
480 704 578 750 senatu
587 699 795 764 interveniente,
812 706 839 751 et
849 701 896 751 ad·

105 775 235 828 versariis
246 775 422 842 negantibus,
442 774 527 826 ullam
538 789 567 824 se
578 773 612 825 de
622 774 763 839 republica
773 773 897 827 facturos

105 851 269 918 pactionem,
281 849 413 922 transiit'
405 865 434 900 ιιι
445 849 600 900 citeriorem
613 847 746 912 Galliam3
758 852 897 901 conventi-

105 926 211 992 busque
222 925 340 992 peractis
351 924 496 975 Ravennae
507 923 643 985 substitit,
659 923 732 974 bello
745 924 897 976 vindicata

106 1016 165 1063 rus,
181 999 288 1066 siquid
294 998 327 1050 de
338 999 455 1053 tribrmis
466 999 554 1066 plebis
564 998 795 1050 intercedentibus
806 1015 856 1066 pro
868 1017 898 1051 se

105 1074 217 1142 gravius
228 1090 246 1124 a
256 1081 354 1126 senatu
365 1075 542 1126 constitutum
558 1077 638 1124 esset.
677 1073 720 1124 Et
726 1081 897 1140 praetextum

107 1150 217 1216 quidem
227 1148 269 1198 illi
281 1149 401 1200 civilium
413 1164 551 1198 armorum
563 1147 616 1198 hoc
626 1147 690 1210 fuit3
702 1164 800 1199 causas
807 1157 898 1201 autem

108 1225 178 1275 alias
189 1223 275 1274 fuisse
286 1223 442 1289 opinantur.
469 1223 517 1272 Cn.
529 1222 675 1288 Pompeius
686 1223 727 1272 ita
737 1222 896 1277 dictitabat:

107 1299 181 1366 qnod
191 1314 278 1364 neque
290 1312 375 1364 opera
385 1312 582 1359 eonsrmrmare,
594 1311 664 1363 quae
674 1298 840 1364 instituerat,
852 1315 897 1350 ne·

107 1390 159 1442 que
179 1372 276 1440 populi
290 1371 536 1438 exspectationem,
558 1386 639 1438 qnam
659 1372 693 1424 de
714 1373 831 1424 adventu
845 1390 896 1425 suo

106 1448 217 1510 iecerat,
223 1447 337 1513 privatis
349 1447 448 1514 opibus
459 1446 568 1512 explere
579 1452 680 1513 posset,
685 1449 797 1500 turbare
804 1449 897 1500 omnia

107 1539 140 1573 ac
149 1522 313 1590 permiscere
323 1521 453 1572 voluisse.
491 1520 547 1571 alii
558 1521 682 1573 tirrurisse
693 1522 794 1588 dicunt,
805 1540 839 1574 ue
851 1539 896 1575 eo-

106 1614 179 1661 rum,
196 1612 266 1664 quae
277 1597 366 1663 primo
378 1595 524 1648 consulatu
534 1595 664 1647 adversus
676 1599 800 1664 auspicia
811 1599 895 1666 leges·

107 1689 159 1740 que
170 1679 197 1724 et
207 1671 416 1722 intercessiones
426 1671 569 1737 gessisset,
581 1671 716 1722 rationem
727 1673 840 1724 reddere
852 1689 897 1730 co-

106 1751 227 1813 geretur:
252 1760 333 1812 quum
353 1745 392 1795 M.
411 1746 480 1804 Cato
499 1745 660 1810 identidem,
682 1762 731 1798 nec
750 1748 808 1799 siue
826 1749 898 1799 iure-

106 1820 237 1884 iurando,
255 1820 444 1883 denmrciaret,
460 1819 614 1871 delatru'um
625 1812 763 1873 se'nomen
773 1823 845 1886 eius,
862 1824 897 1874 si-

107 1895 197 1946 mulac
207 1895 322 1962 primunr
335 1894 483 1946 exereitum
494 1895 655 1956 dimisissem
667 1912 803 1965 quumque
812 1897 897 1966 vulgo

106 1969 166 2022 iore
177 1971 380 2037 praedicarent
401 1976 444 2034 ut,
466 1970 491 2019 si
506 1970 629 2036 privatus
639 1971 767 2035 redisset
782 1972 899 2024 Milonis

107 2045 231 2112 exemplo
244 2009 447 2112 circumpositis
462 2045 575 2094 actitatis
587 2059 697 2094 causam
710 2047 899 2120 apudpudices

92 2121 218 2176 diceret.
264 2118 344 2178 Quod
366 2117 539 2185 probabilius
569 2115 638 2168 facit
660 2111 777 2172 Asinius
794 2119 898 2186 Pollio,

106 2191 268 2243 Pharsalica
288 2193 347 2243 acie
368 2208 463 2242 caesos
486 2191 703 2261 profligatosque
724 2195 900 2248 adversarios
927 2205 942 2228 ·’

107 2265 402 2334 prospicientem,baee
412 2282 473 2317 eum
485 2267 640 2319 adverbum
653 2269 756 2322 dixisse
764 2269 898 2323 referens:

107 2340 166 2392 Hoc
177 2342 325 2394 voluerunt:
354 2340 435 2392 tauns
453 2341 529 2392 rebem
546 2343 629 2410 gestis
645 2343 673 2394 0.
691 2343 789 2396 Caesar
807 2347 899 2397 conde-

108 2424 211 2468 mnatus
223 2432 310 2478 esrem,
317 2414 369 2466 nisi
378 2416 410 2466 ab
421 2415 538 2468 exercitu
549 2417 676 2470 auxilium
683 2419 814 2485 petissem.
833 2421 900 2482 Qui-

108 2492 170 2542 dam
182 2496 290 2558 putaut,
307 2496 415 2557 captum
430 2492 537 2559 imperii
554 2493 763 2558 consuetudine,
778 2497 900 2562 pensita-

106 2567 197 2632 tisque
216 2567 273 2616 suis
292 2571 319 2618 et
332 2566 505 2617 inimicorum
519 2567 636 2632 viribus,
658 2585 735 2619 usum
752 2571 900 2622 occasione

106 2640 256 2706 rapiendae
267 2641 480 2705 dominationis,
496 2658 577 2708 quam
596 2649 685 2694 aetate
702 2645 789 2710 prima
801 2661 900 2696 concn-

107 2713 200 2779 pisset.
242 2715 323 2776 erod
334 2717 505 2769 existimasse
514 2719 659 2771 videbatru·
670 2726 697 2771 et
707 2719 816 2785 Cicero,
833 2721 889 2772 scri
