2026 3020
105 261 138 317 38
384 262 409 311 c.
434 261 616 311 sucronrr

105 392 151 442 bus
161 406 187 441 se
197 387 363 450 babituram,
385 386 431 452 qui
440 385 596 453 respublicae
606 381 760 456 desiissent,
776 385 835 453 ipse
846 401 900 438 me·

104 465 161 516 dios
171 473 196 516 et
207 463 325 516 πιιιηίαι
330 462 418 529 partis
427 477 533 512 remum
543 460 594 512 sibi
602 460 825 532 oumwofuturos
833 475 899 528 pro-

104 540 254 591 nunciavit.
294 537 400 598 Quibua
416 542 506 587 arrtem
521 551 555 586 ex
570 536 806 588 commendatione
816 535 897 588 Pour-

104 613 280 683 peiiordlnes
292 611 416 674 dederat,
436 616 600 677 potestatem
613 611 774 663 transeundi
788 611 824 662 ad
834 625 897 662 eum
924 608 928 614 '

105 691 232 741 omnibus
242 687 317 740 fecit.
355 686 441 738 Motis
456 685 529 753 apud
539 685 657 738 Ilerdam
673 686 821 740 deditionis
833 702 898 738 con-

106 765 271 825 ditionibus,
286 777 367 829 quum
373 798 381 825 ,
398 761 510 812 assiduo
521 762 593 812 inter
601 767 732 828 utrasque
742 767 835 828 partes
845 776 899 812 srsrr

106 845 188 906 atque
200 837 378 899 consulerem,
392 835 521 886 Afranius
536 851 569 888 ac
579 836 703 888 Petreius
714 834 899 903 deprehensos

105 917 179 966 intra
199 919 290 964 castra
304 910 427 962 lulianos
446 911 539 962 subita
559 911 728 978 poenitentia
747 910 899 963 interfecis-

107 994 175 1053 sent,
187 988 336 1038 admissam
345 987 374 1037 in
385 1002 414 1037 sc
425 987 566 1053 perfidiam
578 1003 633 1037 non
644 987 774 1038 sustinuit
783 986 898 1037 imitari.

108 1065 172 1117 Acie
181 1061 344 1114 Pharsalica
354 1062 547 1129 proclamavit,
568 1068 599 1112 ut
612 1061 717 1112 civibus
727 1067 900 1128 parceretur3

108 1141 290 1206 deincepsque
300 1137 403 1188 nemini
412 1153 467 1187 non
478 1149 603 1200 suorum,
615 1153 695 1204 quern
704 1136 800 1200 vellet,
815 1151 899 1186 rmum

108 1216 195 1288 partis
216 1213 348 1263 adversae
368 1227 477 1262 serrare
492 1212 639 1262 concessit:
660 1210 771 1261 neculli
785 1211 900 1278 periisse

108 1291 164 1342 nisi
174 1290 202 1338 in
215 1287 321 1354 proelio
336 1287 522 1354 repetitionis,
542 1287 663 1353 exceptis
678 1286 813 1337 duntaxat
821 1285 901 1336 Aira-

108 1366 155 1414 nio
172 1370 199 1414 ct
208 1363 312 1412 Fausto
328 1367 356 1412 et
370 1360 404 1411 L.
417 1361 535 1412 Caesare
548 1362 658 1412 iuvene:
680 1376 712 1411 ac
726 1377 760 1412 ne
774 1359 826 1412 bos
841 1362 901 1428 qui-

110 1439 170 1489 dem
185 1435 326 1487 voluntate
345 1435 433 1503 ipsius
453 1437 631 1503 interemptos
651 1442 759 1502 putante
785 1451 901 1504 quorum

110 1522 201 1563 tamen
216 1518 243 1562 et
257 1511 363 1578 priores
379 1517 442 1578 post
451 1512 624 1578 impetratam
636 1512 742 1582 veniam
754 1511 902 1562 rebellave-

110 1593 184 1639 rant:
209 1593 236 1637 et
247 1587 361 1646 Caesar,
383 1586 489 1637 libertis
503 1587 643 1652 servisque
653 1587 712 1636 eius
722 1585 796 1637 ferro
808 1592 835 1638 et
844 1586 903 1653 igni

111 1661 246 1713 crudelem
258 1662 286 1710 in
297 1661 408 1712 modum
419 1661 535 1725 enectis,
555 1661 660 1712 bestias
674 1677 783 1728 quoque
799 1661 834 1711 ad
845 1677 903 1712 mu·

26 1798 30 1806 ¹
110 1753 160 1788 nus
180 1737 277 1803 populi
297 1741 472 1804 comparatas
493 1736 739 1787 contrucidaverat.
778 1734 904 1804 Denique
996 1779 1003 1792 ,

110 1819 234 1879 tempore
249 1817 371 1862 extremo
387 1812 483 1876 ctiam,
495 1812 605 1878 'quibus
619 1811 740 1862 nondum
750 1811 903 1878 ignoverat,

111 1888 215 1938 cunctis
226 1887 254 1936 in
264 1885 374 1937 ltaliam
384 1885 474 1938 redire
483 1887 620 1954 permisit,
635 1887 868 1953 magistratusque
879 1893 906 1936 et

110 1963 226 2031 imperia
237 1973 343 2030 capere.
364 1961 417 2013 Sed
428 1969 455 2014 et
465 1968 571 2013 statuas
582 1961 615 2013 L.
627 1961 720 2013 Sullae
732 1967 813 2028 atquc
824 1959 904 2014 Pom-

112 2040 167 2106 peii
178 2055 194 2088 a
205 2038 284 2104 plebe
295 2037 424 2088 disiectas
435 2038 568 2104 reposuit.
580 2037 718 2104 :basique
730 2035 847 2103 posthac
858 2042 906 2086 aut

112 2114 299 2179 cogitarentur
313 2112 425 2178 gravius
441 2112 571 2163 adversus
586 2127 616 2162 se
631 2117 679 2162 aut
688 2112 852 2174 dicerentur,
864 2112 906 2162 in·

111 2187 204 2238 hibere
219 2186 329 2250 maluit,
352 2201 433 2253 quam
447 2186 596 2237 vindicare.
634 2186 730 2254 ltaque
745 2193 772 2237 ct
782 2186 905 2238 detectas

36 2279 40 2286 ¹
112 2261 317 2312 coniurationes
333 2266 535 2327 conventusque
549 2267 699 2313 nocturnos
710 2277 765 2312 non
776 2261 850 2312 ultra
862 2277 905 2312 ar-

110 2338 182 2404 guit,
204 2350 285 2403 quam
296 2341 327 2385 nt
337 2335 427 2386 cdicbo
440 2336 607 2400 ostenderet,
629 2351 689 2388 esse
699 2337 753 2387 sibi
762 2342 858 2398 notas3
879 2343 908 2387 et

111 2413 209 2464 acerbe
219 2411 396 2477 loquentibus
407 2411 475 2461 satis
486 2409 583 2461 habuit
593 2427 643 2478 pro
660 2413 792 2462 concione
803 2410 906 2463 denuo·

112 2489 195 2552 ciare,
205 2503 240 2539 ne
250 2491 464 2552 perseverarent.
503 2486 620 2552 Aulique
632 2487 766 2536 Caecinae
777 2486 907 2538 crimino-

111 2564 220 2614 sissimo
236 2562 308 2612 libro
324 2567 352 2613 et
361 2558 484 2611 Pitholai
499 2561 666 2611 carminibus
680 2561 908 2612 maledicentissi-

110 2639 163 2688 mis
184 2639 332 2690 laceratam
354 2637 585 2688 existimationem
609 2651 686 2687 suam
712 2635 788 2687 civili
812 2637 907 2688 animo

111 2713 183 2765 tulit.

168 2787 294 2840 cxxvi.
314 2786 501 2855 Praegrauant
519 2794 611 2840 tamen
627 2793 717 2840 cetera
731 2787 806 2840 facta
821 2787 909 2840 dicta·
