2050 3034
123 211 172 259 lot)
398 209 426 258 G.
450 205 642 253 SUETONll

122 335 178 402 ptis
188 334 328 400 ingenium
339 328 513 392 collaudans,
536 326 589 377 Sed
601 342 665 394 opas
679 334 731 389 est,
746 327 848 394 inquit,
861 327 934 380 dare

123 419 148 460 te
159 424 273 475 operam,
284 423 316 460 ae
326 407 431 457 moleste
441 403 541 454 scribas
549 409 598 452 cat
606 401 731 468 loquoris.
831 431 838 438 -

178 481 345 533 LXXXVll.
372 477 543 540 Quotidiano
564 491 690 529 sermone
711 475 850 544 quaedam
869 476 930 529 fre-

122 557 249 625 quentius
260 562 288 607 et
296 553 459 606 notabiliter
468 565 617 618 usurpasse
631 567 706 615 eum,
722 551 821 603 literae
831 551 926 620 ipsius

122 628 311 700 autographae
322 632 470 681 ostentant.
508 626 540 678 ln
550 626 650 695 quibua
660 625 824 689 identidem,
837 641 926 694 quum

122 706 231 775 aliquos
241 719 382 772 nunquam
397 703 538 753 soluttuos
554 700 710 767 significare
723 699 796 764 vult,
817 699 925 752 11sz-

121 781 210 832 lcndcs
226 778 343 830 Graecm
356 778 486 829 suicherus
501 777 553 839 ait3
579 781 607 826 et
620 789 704 842 quum
718 772 860 840 hortatur,
882 776 925 828 fe-

120 853 206 906 renda
216 869 277 905 essa
286 851 451 921 praesentia,
463 850 666 921 qualiacunque
676 850 741 914 sint,
750 848 878 901 Conanti
886 851 923 901 si-

121 944 178 979 mas
191 927 241 981 lsoc
256 926 374 989 Cotem
397 932 426 979 et
439 925 477 978 ad
490 925 695 993 exprimendam
713 922 864 977 festinatae
879 926 922 978 rei

120 1000 431 1068 velocitatem,relocs‘us
441 1015 521 1068 mam
531 997 660 1068 asparagi
668 1007 825 1066 coquantur.
866 999 922 1052 Po-

120 1080 162 1130 nit
172 1079 283 1130 assidue
294 1083 322 1130 et
330 1093 381 1146 pro
393 1077 477 1129 stulto
489 1076 638 1138 diecentum,
650 1079 679 1126 et
687 1089 738 1141 pro
749 1072 828 1140 pullo
835 1077 921 1141 palle-

120 1152 231 1217 icccam,
244 1159 271 1205 et
280 1167 331 1219 pro
343 1152 444 1204 cerrito
455 1163 629 1212 saceraotem,
645 1154 673 1201 et
682 1148 775 1217 sapide
784 1164 812 1200 se
822 1147 922 1200 habere

120 1243 171 1295 pro
182 1229 258 1290 male,
270 1233 298 1279 et
309 1225 424 1278 censore
434 1240 484 1294 pro
496 1225 633 1293 languere,
647 1223 721 1292 quod
731 1223 816 1290 vidgo
828 1223 921 1276 lachr-

120 1302 337 1354 niaarcdiaitur:
356 1301 422 1353 item
432 1298 513 1350 simas
522 1314 574 1366 pro
584 1313 685 1361 mmor,
703 1305 731 1350 et
745 1299 921 1367 domosgeni-

119 1378 178 1428 tivo
191 1390 258 1428 casu
272 1375 407 1443 singulari
421 1389 471 1442 pro
488 1374 587 1425 domas.
626 1373 685 1425 Nec
698 1387 821 1440 unquam
838 1373 922 1426 aliter

84 1450 86 1454 '
120 1447 189 1502 haec
199 1450 272 1514 duo,
287 1465 322 1503 ue
338 1451 400 1519 quis
414 1449 540 1502 mendam
550 1449 639 1516 magis
651 1463 733 1516 quam
744 1449 922 1500 eonsuetudi-

119 1539 182 1581 uem
192 1531 278 1594 putet.
316 1525 421 1577 Notavi
433 1531 461 1576 et
474 1526 504 1575 ln
514 1521 699 1590 chirographo
710 1523 769 1573 eius
779 1522 831 1574 illa
841 1539 920 1592 prae-

122 1603 213 1669 cipue:
233 1615 290 1654 non
301 1599 401 1650 dividit
410 1600 507 1663 verba,
526 1613 578 1649 nec
592 1599 627 1650 ab
639 1603 761 1650 extrema
770 1605 851 1666 parte
861 1615 916 1650 ver·

121 1691 200 1725 suurn
211 1672 383 1726 abrmdantes
393 1673 489 1725 literas
499 1671 649 1724 inalterum
660 1671 800 1736 transfert,
808 1673 858 1726 sed
868 1675 920 1725 ibi-

121 1749 182 1800 dem
193 1748 286 1800 statim
297 1747 410 1800 subiicit
420 1747 661 1818 circumducitque.

176 1821 357 1874 LXXXVIII.
383 1820 628 1892 orthographiam,
647 1820 749 1886 idest,
770 1820 920 1874 formulam

136 1898 312 1966 ationemque
323 1898 462 1950 scribendi
473 1897 682 1966 agrammatiois
691 1896 859 1962 institutam,
864 1913 920 1949 non

122 1973 192 2026 adeo
209 1973 354 2037 custodiit3
380 1974 535 2025 arridetur
548 1971 751 2041 eorumpotius
765 1973 846 2040 sequi
862 1973 919 2042 opi·

121 2049 241 2113 aionem,
253 2049 302 2118 qui
311 2047 425 2116 perlnde
436 2046 619 2110 scribendum,
630 2061 663 2097 ae
673 2045 852 2115 loquendum,
864 2047 920 2099 exi·

122 2123 242 2173 stimant.
280 2121 352 2174 Nam
373 2121 448 2190 quod
462 2136 545 2188 saepe
559 2135 615 2170 non
635 2119 732 2172 literas
751 2121 850 2187 modo,
872 2121 921 2173 sed

123 2195 247 2261 syllabas
262 2201 311 2246 aut
323 2201 463 2264 permutat
475 2202 525 2246 aut
536 2196 682 2262 praeterit,
704 2196 858 2248 eommunis
872 2194 920 2248 ho·

74 2298 77 2306 ·
122 2270 227 2322 minum
248 2283 326 2321 error
343 2275 393 2322 est.
432 2269 490 2322 Nec
507 2284 559 2337 ego
577 2269 609 2320 id
622 2275 762 2334 notarem,
784 2268 921 2322 nisImihi
1007 2325 1008 2334 ,

122 2345 221 2396 mirum
231 2343 378 2410 rideretur,
389 2345 538 2397 tradidisse
548 2344 668 2413 aliquos,
678 2344 772 2412 legato
783 2361 847 2398 eum
857 2361 920 2397 con·
1007 2353 1008 2373 ¹

96 2455 102 2466 .
123 2419 211 2472 sulari
221 2434 407 2472 successorem
418 2419 538 2484 dedisse,
554 2425 587 2472 ut
595 2419 659 2472 rudi
669 2425 697 2471 et
705 2419 831 2485 indocto,
843 2421 921 2472 cuim

124 2509 207 2546 manu
216 2494 258 2548 iai
266 2510 317 2564 pro
328 2493 381 2562 ipsi
389 2495 520 2563 scriptum
531 2493 765 2547 animadverterit.
805 2495 922 2557 Quoties

124 2577 216 2622 autam
226 2586 276 2638 per
284 2578 367 2623 nous
378 2570 484 2634 scribit,
497 2570 572 2638 bpro
584 2585 609 2634 a,
621 2585 697 2637 cpro
709 2570 736 2635 b,
749 2582 783 2624 ae
793 2569 922 2638 deinceps
1006 2569 1007 2580 ¹

124 2643 220 2766 {adelam
230 2645 340 2698 ratione
350 2651 494 2714 sequentes
508 2645 604 2698 literas
618 2644 710 2712 ponit,
731 2658 782 2712 pro
797 2661 818 2697 a·
833 2651 922 2697 atroam

144 2731 178 2783 up
191 2733 225 2768 ex
235 2734 260 2770 a.
