2044 3028
380 233 471 281 vrrs
493 235 664 282 nousru.
858 225 919 286 'sos

124 358 167 411 tul
175 358 240 421 elul,
257 372 335 425 quarn
349 357 403 426 ipse
418 376 451 410 ee.
493 359 545 410 Sed
556 360 581 410 ei
595 359 645 411 tibi
658 369 761 411 statura
772 359 850 423 deest,
862 377 920 413 eor-

115 437 259 504 ·pusculum
272 452 323 486 uon
338 435 416 486 deest.
456 433 550 501 Itaque
565 435 653 486 licebit
667 435 694 486 in
704 433 844 486 sextariolo
855 436 920 488 ecri-

124 513 191 562 bae:
211 525 289 576 quum
309 508 435 562 circuitus
455 509 590 561 voluminis
611 510 652 560 tui
670 508 706 561 eit
719 507 918 572 ὀγκωὸέστατος,

123 587 194 638 sicut
203 594 242 637 ert
253 583 390 636 rcubienlr'
399 583 447 636 tui.
483 585 527 640 ‚Ad
536 601 580 636 res
591 583 727 637 Venereas
737 587 919 653 intemperan-

123 663 181 712 tior
191 659 317 712 traditur.
359 657 443 726 [Nam
458 659 599 726 speculato
610 661 736 712 cubiculo
749 668 841 713 scorta
851 659 919 710 diei·

124 745 170 787 tur
188 733 315 786 habuisse
331 734 484 800 disposita:
504 741 548 800 ut,
563 751 726 804 quocunqne
740 737 918 803 respexisset,

123 811 165 864 ibi
179 811 206 862 ei
219 810 311 876 imago
324 807 413 860 coitus
428 808 597 879 referretur]
637 809 715 862 Vixit
729 811 875 880 plurimum
889 810 919 860 in

124 901 235 937 secessu
255 885 326 934 ruris
346 884 390 933 sui
410 883 506 934 Sabini
527 891 574 936 aut
588 885 745 938 Tiburtini:
766 885 917 952 domusque

124 962 184 1013 eins
196 959 348 1011 ostenditur
359 959 432 1009 circa
443 959 560 1009 Tiburni
573 957 702 1011 luculum.
740 959 880 1013 Venerunt
889 960 918 1010 in

124 1051 221 1086 uranus
232 1049 306 1086 meas
317 1040 344 1085 ct
354 1033 424 1102 elegi
435 1034 484 1085 sub
495 1033 577 1084 titulo
589 1035 656 1099 eins,
668 1041 695 1086 et
705 1036 824 1103 epistola
833 1049 918 1103 prosa

125 1111 270 1172 oratione,
292 1109 371 1178 quasi
392 1107 606 1160 commendantis
627 1123 655 1160 se
675 1109 848 1162 Maecenati:
869 1109 918 1167 scd

124 1193 240 1252 utraque
259 1183 331 1234 falsa
351 1188 427 1250 puto.
466 1181 536 1234 Nam
556 1183 626 1250 clegi
643 1183 782 1251 vulgares,
794 1183 918 1252 'epistola

123 1261 206 1313 etiam
219 1258 353 1309 obscura:
374 1273 428 1324 qno
438 1258 507 1309 vitio
519 1257 628 1310 minime
638 1260 790 1311 tenebatur.
829 1260 917 1312 Natus

124 1342 166 1387 est
179 1340 256 1386 sexto
273 1333 336 1382 ldns
347 1331 524 1396 Decembres,
545 1331 578 1383 L.
590 1333 671 1384 Cotta
686 1340 713 1384 et
727 1333 759 1385 L.
771 1335 915 1404 Torquato

125 1411 203 1463 Coss.
224 1407 350 1460 Decessit
360 1407 454 1475 quinto
466 1405 605 1458 Kalendas
616 1407 789 1474 Decembres,
801 1410 831 1460 C.
842 1409 916 1460 Mar-

126 1487 169 1538 cio
187 1483 337 1535 Censorino
357 1488 385 1533 et
399 1483 427 1532 C.
443 1478 539 1533 Asinio
557 1480 638 1533 Gallo
660 1484 737 1534 Coss.
752 1490 817 1550 post
834 1485 916 1552 septi·

124 1576 197 1612 mum
209 1564 235 1611 et
245 1557 500 1628 quinquagesimum
511 1571 620 1622 armum,
626 1555 725 1609 herede
735 1559 857 1626 Augusto
868 1575 916 1626 pa-

123 1637 180 1688 lam
194 1639 370 1700 nuneupato:
392 1647 487 1700 anrm,
502 1639 615 1700 urgente
625 1633 653 1684 vi
667 1632 840 1698 valitudinis,
861 1649 917 1684 non

122 1711 260 1763 sufficeret
274 1708 310 1760 ad
325 1708 512 1774 obsignandas
526 1708 683 1759 testamenti
700 1708 819 1759 tabulas.
859 1709 916 1758 llu-

122 1792 212 1838 matus
223 1790 250 1836 et
261 1783 387 1835 conditus
398 1788 440 1835 est
450 1782 578 1834 extremis
588 1778 733 1852 Esquiliis,
748 1779 826 1834 iuxta
841 1783 915 1835 Mae-

123 1861 228 1916 cenatis
239 1858 380 1910 tumulum.
