2050 3034
65 283 70 288 .
165 241 213 288 112
442 241 469 286 ὓ.
497 237 684 286 SUETONH

163 363 301 432 quaedam
316 363 352 413 ad
366 363 451 414 vicies
467 362 634 412 sestertium:
655 361 756 428 quibus
767 360 916 412 solvendis
929 377 979 413 an·

164 453 248 490 nuum
265 437 337 488 diem
352 438 437 500 finiit,
458 442 589 488 excusata
603 437 646 487 rei
660 434 808 486 familiaris
818 436 978 488 mediceri-

163 519 239 568 tatea
255 529 305 564 nec
319 511 380 579 plus
396 517 589 579 perventurum
605 510 641 562 ad
654 507 768 561 heredes
784 524 866 574 suos,
887 527 976 578 quam

163 587 264 638 millies
276 593 303 638 et
313 587 485 654 quingenties
495 586 646 653 professus,
655 585 779 653 quamvis
789 585 898 652 viginti.
906 601 973 653 prc-

161 663 244 722 rimis
256 661 334 711 annis
348 661 538 728 quaterdecies
553 660 653 722 millies
668 673 702 710 ex
711 659 971 718 testamentisami-

161 751 258 789 corum
274 735 454 803 percepisset:
480 735 555 805 quad
570 750 657 803 paene
673 747 754 786 omne
770 748 833 786 cum
854 734 969 788 duobus

161 810 284 877 paternis
294 808 470 876 patrimoniis
481 811 632 878 ceterisque
643 807 843 860 hereditatibus
854 809 886 860 in
897 826 968 862 rem-

161 884 302 950 publicam
318 885 525 952 absumpsisset.
564 884 663 948 lulias,
685 883 772 934 filiam
787 889 966 954 neptemque,

160 959 264 1028 siquid
275 957 318 1010 his
330 959 485 1024 accidisset,
496 959 584 1012 vetuit
594 958 720 1026 sepulcro
732 973 783 1009 suc
794 955 905 1018 inferri.
923 959 967 1010 De

160 1035 250 1086 tribus
260 1034 518 1099 voluminibus,unc
529 1034 661 1086 mandata
672 1033 704 1085 de
715 1032 810 1085 funere
821 1048 874 1085 suo
889 1050 965 1086 com-

160 1110 257 1176 plexus
278 1116 332 1172 est;
363 1110 450 1162 altero
470 1110 590 1162 indicem
613 1124 705 1160 rerum
725 1123 742 1158 a
761 1122 790 1160 se
810 1113 964 1175 gestarius,

160 1199 241 1250 quem
250 1183 333 1235 vellet
342 1183 429 1235 incidi
439 1185 468 1234 in
485 1184 577 1235 aeneis
591 1183 708 1246 tabulis,
725 1197 795 1249 quae
807 1189 871 1235 aute
882 1184 964 1236 Mau-

159 1258 266 1310 soleum
277 1263 475 1320 statuerem
494 1259 577 1309 tertio
594 1257 761 1309 breviarium
776 1258 865 1310 totius
876 1259 964 1326 impe-

158 1334 203 1396 rii,
216 1340 349 1399 quantum
359 1333 478 1384 militum
489 1333 540 1384 sub
552 1333 638 1400 signis
648 1333 751 1399 ubique
762 1338 862 1398 essent,
875 1349 963 1402 quan-

159 1414 216 1456 tum
226 1408 360 1472 pecuniae
369 1408 399 1460 in
410 1407 519 1460 aerario
536 1413 563 1459 et
574 1408 648 1458 fiscis
658 1412 687 1459 et
695 1407 910 1474 uectigaliorum
920 1427 962 1461 re-

158 1479 256 1532 siduis.
294 1480 403 1534 Adiecit
417 1489 444 1534 et
457 1483 619 1534 libertorum
630 1497 825 1550 servorumque
835 1485 961 1550 nomina,

158 1570 176 1607 a
187 1556 286 1623 quibus
296 1557 369 1609 ratio
382 1558 456 1624 exigi
466 1562 568 1623 posset.
