2044 3028
105 189 154 246 aas
367 159 411 240 c.
436 190 625 242 sunroum

103 321 144 372 tio
156 333 265 388 quoque
276 313 422 383 deformis,
438 324 466 370 et
476 318 610 372 obesitate
620 317 736 380 ventris,
751 321 782 368 et
792 325 903 367 crurum

102 396 272 464 gracilitate,
293 409 364 462 qnae
383 400 475 446 tamen
496 394 522 445 ei
535 391 692 446 valetudine
710 391 796 459 longa
815 407 904 443 rema·
1004 449 1005 456 ἵ

101 474 239 523 eruerant.
270 470 464 522 commendari
473 486 502 521 se
512 467 677 522 verecundia
688 467 746 518 oris
757 467 829 518 adeo
841 483 902 518 sen-

100 542 200 611 tiebat,
221 552 252 596 ut
271 545 344 614 apud
365 545 494 597 Senatum
515 545 556 596 sic
576 541 714 610 quondam
733 543 901 594 iactaverit:

104 621 190 688 Usque
205 619 292 672 adduc
306 629 376 673 certe
390 619 507 672 animum
517 635 602 671 meum
608 616 743 686 polana
754 619 900 669 cicuitum.

101 696 220 748 Calvitio
235 697 276 746 ita
291 695 490 760 offendebam,
510 701 542 746 ut
561 695 590 746 in
606 693 802 745 contumeliam
822 707 901 744 suam

99 770 238 834 traheret,
259 772 283 821 si
303 771 348 820 cni
368 770 418 820 alii
437 771 502 822 ioco
522 769 567 822 vel
586 770 676 836 iurgio
692 768 902 830 obiectaretnr3

100 847 224 914 quamvis
235 845 339 909 libello,
346 862 425 914 quem
437 845 471 898 de
482 861 549 899 cura
559 845 723 912 capillorum
733 843 769 893 ad
777 844 901 896 amicum
913 887 915 893 .

101 920 201 985 edidit,
213 919 282 972 haec
292 922 389 986 etiam,
401 921 483 972 siroul
492 921 571 974 illum
582 935 673 988 seque,
686 918 849 984 consolans,
859 920 902 970 ind

101 997 235 1048 seruerit:

222 1067 277 1132 Οὐχ
288 1066 377 1137 ὁράᾳς,
388 1061 442 1126 οἶος
453 1066 520 1134 ιιᾷγῶ
531 1066 608 1123 καλός
617 1085 645 1118 τε
655 1068 735 1130 μέγας
744 1085 781 1117 τι.

102 1145 205 1199 Eadem
217 1155 304 1198 tamea
313 1162 355 1197 me
365 1154 474 1198 maneat
489 1143 601 1215 [tecum]
620 1143 860 1215 capillorumfuta,
877 1153 903 1196 et

102 1221 172 1284 forti
190 1221 278 1272 auimo
291 1219 356 1291 fero
372 1236 472 1274 comam
485 1219 514 1272 ia
528 1219 703 1272 adolescentia
717 1229 901 1271 senescentem.

106 1296 182 1348 Scias
191 1314 239 1348 nec
246 1295 353 1366 gratim
364 1296 503 1362 quicquam
513 1295 617 1357 decore,
628 1313 676 1347 sec
686 1295 797 1346 breuius.

161 1371 238 1422 xlx.
267 1370 388 1423 Laboris
410 1372 570 1438 impatiens,
590 1387 639 1438 per
661 1370 762 1422 Urbem
786 1371 903 1438 pedibus

106 1463 163 1499 non
181 1452 283 1498 temere
304 1447 473 1498 ambulavit:
492 1448 521 1498 in
542 1446 715 1515 expeditione
736 1452 764 1497 et
784 1447 903 1514 agmine,

108 1538 179 1590 equo
194 1522 296 1586 rarius,
317 1523 416 1574 lectica
431 1521 541 1573 assidue
554 1528 648 1574 vectus
668 1528 718 1572 est.
757 1521 905 1592 ¹Armorum

107 1597 199 1662 nullo,
220 1598 381 1664 sagittarum
400 1595 445 1647 vel
464 1598 613 1664 praecipuo
634 1596 727 1647 studio
747 1597 905 1648 tenebatur.

110 1673 244 1724 centenas
254 1672 326 1722 varii
335 1672 442 1738 generis
451 1670 526 1723 ierus
537 1687 618 1740 saepe
632 1672 662 1724 in
671 1670 778 1723 Albano
794 1687 906 1724 secessu

110 1748 296 1800 conficientem
309 1752 465 1813 spectavere
475 1747 612 1815 plerique3
633 1753 714 1813 atque
725 1747 809 1798 etiam
820 1761 855 1798 ex
865 1749 907 1798 in-

109 1823 217 1874 dustria
234 1823 275 1872 ita
294 1822 465 1890 quarundam
480 1823 572 1890 capita
590 1823 728 1890 figentem,
748 1828 780 1873 nt
795 1821 907 1874 dnobus

107 1897 210 1950 ictibus
234 1900 315 1966 quasi
339 1913 443 1950 cornua
465 1899 592 1950 effioeret.
643 1897 849 1966 Nonnunquam
877 1899 907 1948 in

109 1975 190 2041 pueri
203 1974 302 2041 procul
315 1975 427 2038 stantis,
448 1974 659 2041 praebentisque
673 1988 725 2040 pro
746 1988 834 2040 scopo
851 1973 908 2024 dis-

109 2064 225 2116 pansam
239 2049 351 2101 dextrae
366 2064 463 2100 manus
477 2047 609 2117 palmam,
625 2048 742 2115 sagittas
755 2055 837 2100 tanta
848 2056 908 2100 arte

110 2125 223 2188 direxit,
238 2130 269 2175 ut
280 2139 373 2175 omnes
386 2139 436 2190 per
449 2124 594 2176 intervalla
605 2123 754 2190 digitorum
769 2125 908 2176 innocuae

111 2191 266 2250 evaderent.

166 2273 228 2326 XX.
248 2272 391 2324 Liberalia
404 2275 497 2326 stsrdia
510 2276 539 2326 in
555 2275 636 2326 initio
650 2274 761 2342 imperii
775 2275 907 2342 neglexit,

112 2364 269 2420 quanquam
284 2347 466 2400 bibliothecas
485 2349 613 2402 incendio
629 2351 788 2416 absumptas
802 2351 908 2419 impen-

111 2424 220 2475 sissime
230 2438 359 2491 reparare
369 2430 504 2488 curasset,
514 2425 717 2492 exemplaribus
727 2425 851 2493 undique
861 2441 908 2493 pe·

111 2498 184 2562 titis,
195 2499 340 2566 missisque
350 2498 553 2563 Alexandriam,
564 2500 613 2568 qni
623 2499 809 2552 describerent
818 2515 909 2552 emen-

113 2571 271 2641 darentque.
310 2573 457 2643 Nunquam
466 2579 558 2626 tamen
569 2581 618 2626 ant
630 2573 765 2627 historiae
780 2575 910 2628 carmini-

112 2645 198 2697 busve
213 2650 411 2715 cognoscendis
427 2663 539 2717 operum
548 2650 654 2714 'nllam,
667 2656 716 2700 aut
729 2651 795 2702 stilo
805 2651 852 2704 vel
864 2665 912 2702 ne·

115 2723 234 2772 cessario
247 2723 331 2773 dedit.
370 2724 483 2776 Praeter
494 2725 705 2780 commentarios
715 2733 743 2781 et
753 2733 818 2782 acta
827 2727 912 2782 Tibe·
