2036 3022
112 215 161 268 226
246 215 266 268 ,’
394 217 419 263 G.
442 214 627 263 SUETONII

112 343 225 395 nonnisi
235 341 371 404 vicissim,
382 345 439 392 tum
450 337 568 404 Lucios,
579 347 637 392 tum
649 341 747 392 Cneos.
787 340 887 395 Plures
897 359 913 395 e

112 419 222 470 familia
233 418 364 485 cognosci
373 416 475 468 referre
486 417 619 480 arbitror,
636 432 691 485 quo
702 415 814 467 facilius
826 433 913 486 appa·

113 500 173 546 reat
186 495 227 544 ita
244 492 423 560 degenerasse
444 508 460 542 a
479 507 591 543 suorum
606 492 755 544 virtutibus
769 491 860 558 Nero,
882 501 913 545 ut

111 575 203 620 tamen
216 569 286 620 vitia
301 568 444 634 cuiusque,
461 567 542 633 quasi
553 567 659 618 tradita
674 573 702 618 et
715 568 854 634 ingenita,
869 585 912 620 re-

111 645 214 769 meli?
223 719 260 770 Ut
269 717 355 784 igitur
368 717 463 784 paullo
480 715 563 768 altius
582 722 717 784 repetam,
740 721 838 768 atavus
860 719 910 770 Cn.
1002 681 1003 744 Τ

113 794 253 846 Domitius
266 793 296 842 in
309 791 453 843 tribunatu
471 791 649 859 pontificibus
665 790 812 856 offensior,
834 795 912 860 quod
1002 789 1003 792 ’

113 869 197 920 alium
213 883 294 936 quam
309 883 339 918 se
352 867 381 916 in
395 867 483 933 patris
497 867 541 917 sui
556 867 647 919 locum
663 867 854 935 cooptassent,
865 870 911 920 ius

113 943 287 996 sacerdotum
302 942 541 1009 subrogandorum
557 957 574 992 a
588 941 713 1008 collegiis
728 941 764 992 ad
775 943 911 1010 populum
1002 937 1003 988 l

112 1018 265 1072 transtulit:
278 1034 310 1070 ao
319 1019 348 1068 in
360 1017 514 1080 consulatu,
525 1017 721 1084 Allobrogibus
726 1017 911 1088 Arvernisque

112 1095 262 1162 superatis,
278 1092 423 1160 elephanto
435 1108 483 1159 per
492 1093 663 1159 provinciam
673 1097 767 1143 vectus
778 1097 909 1158 est,¹tur-

110 1172 148 1222 ba
162 1170 292 1233 militum,
308 1169 389 1236 quasi
405 1167 478 1219 inter
492 1167 641 1218 sollemnia
653 1166 798 1234 triumphi,
815 1184 910 1236 prose-

114 1251 222 1316 quente.
261 1244 291 1294 ln
306 1242 377 1294 hunc
388 1243 459 1293 dixit
472 1240 597 1292 Licinius
609 1242 725 1293 Crassus
736 1249 845 1308 orator,
857 1262 910 1296 non

112 1338 165 1372 esse
180 1319 341 1382 mirandum,
354 1318 424 1386 quod
437 1333 545 1370 aeneam
561 1317 670 1368 tertam
684 1316 805 1381 baberet,
822 1319 868 1372 cai
881 1338 908 1371 os

111 1396 240 1459 ferream,
258 1413 303 1446 cor
312 1393 462 1462 ploraberunt
476 1400 550 1444 estet.
589 1392 680 1444 Huius
701 1393 774 1444 filius
794 1400 909 1461 praetor

112 1472 142 1522 C.
163 1471 308 1522 Caesarem
329 1470 473 1520 abeuntem
494 1467 652 1530 consulatu,
674 1484 752 1535 quem
776 1469 909 1521 adversus

112 1547 237 1613 auspicia
248 1545 376 1612 legesque
386 1543 504 1610 gessisse
515 1543 740 1608 existimabatur,
756 1544 792 1594 ad
803 1543 908 1613 disqui-

111 1622 239 1676 sitionem
251 1625 361 1672 senatus
375 1618 501 1670 vocavit:
521 1633 587 1670 mox
603 1617 700 1669 consul
712 1619 908 1686 imperatorem

112 1697 146 1747 ab
158 1696 323 1748 exercitibus
335 1693 451 1744 Gallicis
462 1691 601 1746 retrahere
610 1695 739 1746 tentavit:
751 1711 908 1748 successor-

112 1787 164 1838 que
184 1772 211 1822 ei
230 1785 279 1838 per
296 1767 446 1820 factionem
466 1769 637 1834 nominatus,
658 1770 794 1837 principio
817 1771 908 1824 civilis

109 1847 178 1898 belli
202 1844 237 1897 ad
262 1845 411 1897 Corfinium
437 1851 532 1913 captus
557 1850 606 1896 est.
664 1844 741 1897 Unde
762 1845 908 1912 dimissus,

109 1922 298 1980 Massilienses
310 1919 454 1972 obsidione
464 1918 623 1971 laborantes
633 1934 715 1988 quum
726 1920 846 1973 adventu
856 1940 907 1974 sno

112 1999 313 2060 confirmasset,
347 2002 458 2064 repente
487 1993 624 2058 destituit,
656 1995 768 2063 acieque
798 1997 908 2049 demum

111 2071 274 2124 Pharsalica
285 2072 427 2123 occubuit:
442 2071 485 2121 vir
495 2085 583 2137 neque
593 2070 662 2125 satis
674 2077 817 2137 constans,
829 2075 908 2124 etin·
1002 2113 1003 2126 ,

110 2149 191 2214 genio
206 2149 292 2199 truci:
311 2148 340 2197 in
355 2145 546 2213 desperatione
560 2161 663 2210 rerum,
675 2151 790 2198 mortem
806 2148 907 2200 timore

111 2223 260 2289 appetitam
275 2223 316 2272 ita
330 2222 452 2287 expavit,
470 2224 501 2269 ut
519 2217 646 2271 haustum
661 2237 791 2273 venenum
811 2225 907 2290 poeni-

109 2298 198 2348 tentia
217 2297 380 2361 evomuerit,
400 2295 588 2362 medicumque
607 2297 808 2362 manumiserit,
831 2299 907 2366 qnod

111 2372 166 2422 sibi
184 2371 302 2438 prudens
324 2386 357 2422 ac
376 2371 464 2422 sciens
484 2370 573 2421 minus
588 2373 700 2422 noxium
715 2379 905 2442 temperasset.

112 2446 292 2498 Consultante
308 2450 398 2497 autem
414 2445 462 2495 Cn.
478 2444 610 2511 Pompeio
632 2445 665 2497 de
678 2447 777 2497 mediis
794 2465 827 2499 ac
841 2465 906 2500 neu·

110 2525 182 2571 tram
196 2527 301 2590 partem
316 2521 505 2589 sequentibus,
521 2521 597 2573 solus
609 2522 715 2572 censuit
724 2520 848 2574 hostium
857 2540 906 2576 nu-

110 2607 185 2646 mero
197 2595 346 2648 habendos.

148 2667 195 2720 lll.
220 2671 342 2740 Reliquit
356 2670 454 2738 filium,
475 2672 601 2723 omnibus
619 2672 708 2739 gentis
723 2687 789 2724 suae
805 2675 907 2741 procul

112 2739 196 2793 dubio
207 2744 423 2810 praeferendum.
461 2745 488 2797 ls
498 2747 569 2798 inter
580 2747 706 2800 conscios
718 2747 904 2804 Caesarianae
