2036 3022
143 212 193 264 2⁰8
300 287 303 294 γ
417 213 444 258 G.
472 209 660 262 SUETONll

54 321 70 336 ⁸
143 337 558 410 inplurimosetornatissimos
567 336 655 388 lacus.
684 335 819 388 Fucinum
832 353 945 406 aggres-

144 432 190 466 sus
202 420 308 466 estnon
319 414 408 464 minus
420 413 576 480 compendii
586 428 633 479 spe
644 427 725 479 quarn
735 413 854 480 gloriae,
861 430 947 482 quum

145 491 257 558 quidam
268 489 376 556 privato
389 495 499 554 sumptu
508 488 657 538 emissuros
669 503 697 537 se
708 488 945 554 repromitterent,

145 567 170 617 si
184 567 238 616 sibi
252 565 350 614 siccati
364 564 423 630 agri
439 562 661 612 concederentur.
700 559 753 612 Per
772 563 830 612 tria
852 571 945 616 autern

143 654 272 710 passuum
284 638 487 704 millia‚partim
498 635 601 687 effosso
613 642 713 699 monte,
723 637 825 702 partim
838 640 944 703 exciso,
1005 659 1006 668 ¹

144 715 266 766 canalem
278 713 483 778 absolvitaegre
495 717 521 761 ct
531 716 595 778 post
603 710 729 761 undecim
741 726 839 774 annos,
847 727 944 780 quam-

141 790 183 840 uis
201 787 337 839 continuis
351 786 465 853 triginta
481 783 621 836 hominum
636 785 757 835 millibus
777 786 837 836 sine
858 789 944 838 inter·
1005 809 1006 812 ¹

142 864 274 914 missione
300 860 487 928 operantibus.
530 859 643 910 Portum
669 860 763 910 Ostiae
794 865 943 926 exstruxit,
1005 867 1006 920 ζ

144 937 329 988 circumducto
342 934 437 985 dextra
448 935 613 1002 sinistraque
625 931 747 998 brachio,
760 941 786 986 et
797 935 832 985 ad
843 937 943 988 introi-

143 1020 199 1063 tum
211 1009 348 1079 profundo
359 1011 414 1060 iam
427 1009 488 1060 solo
499 1009 572 1059 mole
584 1009 705 1059 obiecta:
721 1024 802 1076 quam
815 1025 872 1076 quo
885 1018 942 1062 sta-

142 1088 226 1138 bilius
241 1085 381 1148 fundaret,
402 1100 499 1135 navem
515 1089 577 1134 ante
591 1084 732 1148 demersit,
754 1099 809 1152 qua
823 1101 942 1153 magnus

144 1163 280 1213 obeliscus
292 1175 325 1226 ex
335 1161 460 1227 Aegypto
475 1157 566 1208 fuerat
581 1158 722 1221 advectus,
744 1161 940 1228 congestisque

141 1237 206 1304 pilis
227 1235 402 1302 superposuit
422 1233 584 1282 altissimam
607 1234 705 1283 turrim
728 1234 756 1283 in
784 1236 940 1302 exemplum

140 1309 319 1362 Alexandrini
329 1307 422 1372 Phari,
433 1313 465 1359 ut
474 1307 509 1357 ad
520 1313 670 1358 nocturnos
680 1309 758 1375 ignes
769 1323 882 1361 cursum
893 1327 939 1361 na-

140 1386 216 1452 vigia
226 1385 382 1450 dirigerent.

196 1459 270 1508 xxi.
292 1459 442 1524 Congiaria
453 1457 556 1525 populo
568 1459 678 1525 saepius
689 1457 840 1509 distribuit.
873 1459 939 1528 Spe-

141 1534 250 1586 ctacula
264 1550 373 1602 quoque
389 1533 530 1600 complura
545 1532 744 1600 magnificaque
759 1533 860 1596 edidit,
883 1551 939 1586 non

140 1611 245 1661 usitata
255 1608 336 1658 modo
349 1623 382 1657 ac
392 1607 482 1657 solitis
496 1608 580 1671 locis,
602 1607 649 1658 sed
664 1613 691 1658 et
707 1609 902 1660 commenticia
913 1617 940 1661 et

140 1701 173 1735 ex
185 1683 348 1748 antiquitate
363 1682 493 1748 repetita,
515 1688 542 1732 et
556 1683 605 1732 ubi
619 1686 761 1748 praeterea
774 1697 856 1734 nemo
874 1691 938 1735 ante

140 1776 210 1808 euris.
249 1757 345 1808 Ludos
357 1756 540 1808 dedicationis
550 1755 713 1823 Pompeiani
722 1755 838 1821 theatri,
861 1760 938 1826 quod

140 1833 293 1884 ambustum
304 1832 470 1897 restiblerot,
482 1847 496 1882 e
506 1831 640 1883 tribunali
649 1832 742 1900 posito
753 1832 781 1881 in
794 1831 938 1884 orchestra

141 1908 290 1972 commisit,
302 1923 385 1976 quum
395 1908 472 1975 prius
484 1907 557 1975 apud
568 1907 723 1973 superiores
735 1907 817 1958 aedes
831 1909 937 1977 suppli-

140 1990 238 2046 casset,
249 1999 351 2051 perque
361 1981 479 2034 mediam
492 1997 615 2045 caveam,
636 1981 794 2033 sedentibus
809 1997 843 2033 ac
853 1984 936 2036 silen-

139 2060 213 2110 tibus
238 2060 355 2122 cunctis,
381 2057 574 2108 descendisset.
616 2055 695 2107 Fecit
717 2062 744 2106 et
768 2058 936 2122 saeculares,

140 2134 220 2200 quasi
231 2133 397 2201 anticipatos
412 2133 446 2183 ab
457 2133 593 2197 Augusto,
614 2147 665 2182 nec
678 2131 801 2197 legitimo
815 2135 937 2203 tempori

139 2213 306 2268 reservatos;
327 2207 450 2274 quamvis
460 2206 559 2272 ipsein
569 2203 693 2256 historiis
704 2206 761 2255 suis
771 2207 884 2273 prodat,
896 2208 935 2259 in-

140 2281 271 2332 terrseissos
282 2297 323 2330 eos
334 2280 484 2349 Angustum
494 2281 574 2330 inulto
580 2288 654 2346 post,
677 2278 878 2349 diligentissime
889 2300 935 2334 an·

139 2371 233 2408 ssorum
243 2354 346 2406 ratiom
356 2355 491 2416 subducte,
503 2354 531 2405 in
541 2354 658 2405 ordinem
669 2353 808 2423 redegisse.
841 2356 935 2418 Quare
1005 2365 1006 2408 f

139 2446 194 2482 vox
204 2430 349 2498 praeconis
360 2431 443 2479 irrisa
453 2434 507 2492 est,
518 2429 660 2480 invitantis
670 2435 747 2480 more
757 2427 889 2482 sollemni
899 2433 934 2482 ad

138 2505 231 2569 ludos,
253 2521 316 2572 quos
330 2521 377 2556 aec
391 2511 531 2571 spectasset
540 2504 688 2570 qaisquam,
710 2519 757 2555 nec
767 2515 935 2572 spectaturus

139 2589 220 2640 essen
241 2596 323 2648 quum
336 2583 508 2648 superessent
518 2578 619 2642 adhuc,
631 2578 679 2645 qui
689 2585 896 2646 spectaverant,
908 2589 935 2634 et

127 2654 249 2720 ‘quidam
262 2653 434 2718 histrionum,
446 2654 574 2722 producti
585 2653 659 2718 olim,
670 2659 736 2704 tunc
747 2669 859 2722 quoque
869 2673 934 2723 pro-

139 2725 308 2778 ducerentur.
344 2730 484 2780 Circenses
494 2727 650 2797 frequenter
660 2728 934 2784 etiaminVaticauo
