2050 3034
289 185 491 268 armonius.
528 192 607 238 cer.
625 193 708 241 4-o.
846 183 897 243 199

96 318 190 377 retur,
206 313 324 378 censuit3
344 323 372 367 et
382 331 458 382 mox,
473 316 612 368 utdomus
623 316 661 379 ei,
677 332 758 384 quam
768 317 897 370 incendio

97 389 241 454 amiserat,
252 389 364 456 publica
373 391 497 458 irupcnsa
508 390 705 456 restitueretur,
712 391 898 458 dicendaeque

96 463 174 514 inter
189 463 347 516 consideres
362 466 513 517 sententiae
526 466 570 516 ius
590 470 670 516 esset.
711 465 792 526 Quod
807 465 898 518 decre·

96 544 159 588 tum
172 537 305 589 abolitum
317 545 370 606 est,
391 546 539 591 excusante
550 539 664 590 Tiberio
679 539 898 592 imbecillitatem

98 613 173 677 eius,
195 627 228 664 ac
242 612 370 666 damnum
385 613 552 666 liberalitate
568 629 619 666 sua
632 621 800 666 resarturum
816 614 897 684 polli-

100 693 187 739 cente.
228 687 281 750 Qui
301 695 393 740 tamen
407 691 540 755 oretriens,
561 695 589 740 et
602 689 631 739 in
644 690 736 741 tertiis
750 687 897 741 heredibus

100 778 163 814 eum
174 776 208 813 ex
218 770 296 830 parte
307 764 390 818 tertia
400 769 598 831 nuncupatum,
620 763 711 832 legato
727 765 810 816 etiam
823 765 897 816 cirea

100 837 255 890 sestertium
270 837 355 890 vicies
374 844 548 908 prosecutus,
570 835 774 891 commendavit
784 841 897 908 insuper

102 911 279 977 exercitibus,
296 927 328 963 ac
340 911 453 964 Senatui
467 913 625 982 populoque
635 911 760 966 Romano
771 916 842 967 inter
854 931 895 968 ce-

101 992 175 1040 teras
186 987 403 1039 necessitudines
414 987 587 1040 nominatim.

157 1059 219 1112 Vll.
240 1059 296 1114 Sub
312 1061 380 1113 Gaio
402 1062 522 1124 demum,
543 1059 638 1111 fratris
656 1061 729 1126 filio,
750 1063 896 1114 secundam

102 1135 333 1188 existimationem
350 1138 425 1188 circa
439 1137 519 1188 initia
532 1135 641 1204 imperii
658 1135 784 1188 omnibus
794 1135 897 1189 lenoci-

101 1212 156 1264 niis
166 1209 326 1280 colligente,
341 1210 460 1264 honores
472 1211 643 1280 auspicatus,
655 1209 826 1263 consulatum
838 1227 897 1280 ges-

102 1287 139 1338 sit
147 1301 203 1338 rma
213 1302 263 1356 per
274 1286 343 1338 duos
353 1303 473 1339 menses:
494 1286 649 1354 evenitque,
669 1291 702 1338 ut
715 1285 842 1353 primitus
856 1288 897 1337 in·
954 1291 957 1296 “

100 1362 237 1430 gredienti
247 1377 307 1414 cum
318 1360 441 1414 fascibus
455 1360 559 1425 iorum,
580 1359 786 1430 praetervolans
801 1361 896 1432 aquila

101 1435 255 1488 dexteriore
274 1434 387 1488 humero
407 1435 570 1488 consideret.
610 1435 730 1488 Sortitus
751 1443 840 1488 estet
861 1437 895 1488 de

101 1511 189 1562 altero
204 1511 350 1564 consulatu
368 1513 397 1562 ln
418 1518 544 1580 quartum
566 1526 679 1573 amrum3
704 1511 896 1581 praeseditque

99 1601 295 1656 nonnunquam
310 1587 474 1655 spectaculis
488 1587 518 1637 in
529 1585 589 1638 cati
604 1585 704 1651 vicem,
726 1585 896 1637 acclamante

98 1659 204 1730 populo
215 1659 355 1725 Feliciter,
376 1663 476 1732 partim
487 1669 587 1729 patruo
597 1657 776 1730 imperatoris,
793 1661 894 1728 partim

101 1735 256 1790 Germanici
256 1733 355 1808 fratri.

154 1811 228 1864 vlll.
249 1811 307 1863 Nec
320 1827 352 1863 eo
368 1813 457 1863 asinus
473 1811 645 1862 contumeliis
665 1811 802 1862 obnoxius
815 1811 894 1863 vixit.

98 1886 170 1940 Nam
181 1887 249 1951 et,si
259 1886 352 1954 paullo
364 1887 452 1938 serius
464 1885 499 1936 ad
509 1885 678 1953 praedictam
686 1900 787 1936 coenae
798 1885 894 1937 boram

98 1962 278 2027 occurrisset,
290 1977 345 2012 non
355 1961 410 2012 nisi
421 1976 514 2028 aegre,
526 1966 554 2011 et
564 1959 680 2012 circuito
692 1959 798 2010 demum
809 1960 895 2010 tricli-
977 2004 980 2014 .

96 2037 154 2101 nio,
166 2036 363 2103 recipiebatur:
380 2042 407 2088 et
417 2035 525 2105 quoties
535 2040 599 2104 post
610 2025 700 2084 cibum
712 2033 896 2085 addormisce-

96 2118 152 2178 ret,
175 2109 264 2180 (qnod
274 2111 301 2163 ei
310 2109 367 2163 iere
379 2109 553 2176 accidebat,)
576 2107 699 2161 olearum
715 2123 748 2161 ac
761 2109 895 2178 palmula-

95 2201 159 2238 rum
170 2185 280 2238 ossibus
290 2186 491 2250 incessebatur3
511 2185 647 2237 interdum
664 2183 753 2237 semla
763 2185 894 2254 llagrove,

95 2261 173 2312 velut
183 2277 232 2328 per
242 2259 346 2325 ludum,
358 2261 530 2312 excitabatur
542 2275 558 2311 a
569 2261 686 2329 cupreis.
724 2260 857 2314 Solebant
868 2266 896 2311 et

95 2335 226 2388 manibus
236 2335 375 2388 stertentis
386 2337 461 2386 socci
471 2335 578 2401 induci,
598 2342 631 2388 ut
644 2343 755 2405 repente
766 2349 894 2404 experge-

93 2409 188 2464 factus
198 2408 297 2462 faciem
308 2410 362 2462 sibi
373 2408 546 2464 confricaret.

155 2485 205 2536 lx.
226 2483 279 2538 Sed
297 2501 332 2536 ne
350 2485 554 2537 discriminibus
575 2485 683 2553 quidem
699 2485 796 2535 caruit.
835 2481 895 2534 Pri-

1002 2229 1004 2256 l

1001 2369 1002 2386 r

95 2575 182 2626 mum,
193 2559 294 2628 inipso
307 2557 452 2613 consulatu
457 2598 465 2625 ,
478 2560 552 2628 qnod
563 2560 682 2612 Neronis
693 2565 720 2610 et
730 2557 828 2624 Drusi,
840 2555 895 2608 fra·
983 2533 1000 2600 s

95 2641 170 2688 mum
183 2633 324 2708 Caesaris,
346 2640 453 2686 statuas
469 2635 579 2700 segnius
593 2631 727 2684 locandas
741 2631 894 2700 ponendas-

95 2725 151 2778 que
166 2716 303 2776 curasset,
324 2725 412 2779 paene
429 2707 535 2763 honore
546 2712 698 2758 summotus
713 2713 766 2770 est;
787 2705 894 2771 deinde,
