<?xml version="1.0" encoding="UTF-8"?>
<!DOCTYPE html PUBLIC "-//W3C//DTD XHTML 1.0 Transitional//EN"
    "http://www.w3.org/TR/xhtml1/DTD/xhtml1-transitional.dtd">
<html xmlns="http://www.w3.org/1999/xhtml" xml:lang="en" lang="en">
 <head>
  <title>
</title>
<meta http-equiv="Content-Type" content="text/html;charset=utf-8" />
  <meta name='ocr-system' content='tesseract 3.04.00' />
  <meta name='ocr-capabilities' content='ocr_page ocr_carea ocr_par ocr_line ocrx_word'/>
</head>
<body>
  <div class='ocr_page' id='page_1' title='image "./csuetoniitranqu05suetgoog_0323.png"; bbox 0 0 2036 3022; ppageno 0'>
   <div class='ocr_carea' id='block_1_1' title="bbox 197 169 864 244">
    <p class='ocr_par' dir='ltr' id='par_1_1' title="bbox 197 169 864 244">
     <span class='ocr_line' id='line_1_1' title="bbox 197 169 864 244; baseline 0.009 -6"><span class='ocrx_word' id='word_1_1' title='bbox 197 192 478 240; x_wconf 77' lang='lat' dir='ltr'><strong>vusussmuus,</strong></span> <span class='ocrx_word' id='word_1_2' title='bbox 514 169 729 241; x_wconf 74' lang='lat' dir='ltr'><strong>cluso-ni.</strong></span> <span class='ocrx_word' id='word_1_3' title='bbox 814 192 864 244; x_wconf 80' lang='lat'><strong>313</strong></span> 
     </span>
    </p>
   </div>
   <div class='ocr_carea' id='block_1_2' title="bbox 40 317 864 612">
    <p class='ocr_par' dir='ltr' id='par_1_2' title="bbox 40 317 864 612">
     <span class='ocr_line' id='line_1_2' title="bbox 63 317 864 388; baseline 0.002 -19"><span class='ocrx_word' id='word_1_4' title='bbox 63 318 148 370; x_wconf 81' lang='lat' dir='ltr'><strong>satis:</strong></span> <span class='ocrx_word' id='word_1_5' title='bbox 164 323 195 368; x_wconf 93' lang='lat' dir='ltr'><strong>ut</strong></span> <span class='ocrx_word' id='word_1_6' title='bbox 206 317 240 368; x_wconf 93' lang='lat' dir='ltr'><strong>de</strong></span> <span class='ocrx_word' id='word_1_7' title='bbox 251 318 371 385; x_wconf 85' lang='lat' dir='ltr'><strong>quodam</strong></span> <span class='ocrx_word' id='word_1_8' title='bbox 381 333 514 386; x_wconf 76' lang='lat' dir='ltr'><strong>procerae</strong></span> <span class='ocrx_word' id='word_1_9' title='bbox 523 322 647 370; x_wconf 74' lang='lat' dir='ltr'><strong>statinae</strong></span> <span class='ocrx_word' id='word_1_10' title='bbox 656 317 864 388; x_wconf 75' lang='lat' dir='ltr'>improbiusque</span> 
     </span>
     <span class='ocr_line' id='line_1_3' title="bbox 40 399 783 535; baseline 0.003 -22"><span class='ocrx_word' id='word_1_11' title='bbox 40 461 42 466; x_wconf 73' lang='grc'><strong>’</strong></span> <span class='ocrx_word' id='word_1_12' title='bbox 61 399 149 502; x_wconf 46' lang='grc' dir='ltr'><strong>ΜΞ</strong></span> <span class='ocrx_word' id='word_1_13' title='bbox 161 491 191 500; x_wconf 93' lang='grc'>-</span> <span class='ocrx_word' id='word_1_14' title='bbox 201 463 291 534; x_wconf 75' lang='grc' dir='ltr'><strong><em>μακροὶ</em></strong></span> <span class='ocrx_word' id='word_1_15' title='bbox 298 464 383 529; x_wconf 75' lang='grc' dir='ltr'><em>βιβάς,</em></span> <span class='ocrx_word' id='word_1_16' title='bbox 394 427 513 535; x_wconf 58' lang='lat' dir='ltr'><strong>uantur</strong></span> <span class='ocrx_word' id='word_1_17' title='bbox 522 463 683 529; x_wconf 72' lang='grc' dir='ltr'><strong>δολιχόσκιον</strong></span> <span class='ocrx_word' id='word_1_18' title='bbox 693 467 783 529; x_wconf 70' lang='grc' dir='ltr'><strong><em>ἔγχος]</em></strong></span> 
     </span>
     <span class='ocr_line' id='line_1_4' title="bbox 62 542 859 612; baseline -0.003 -17"><span class='ocrx_word' id='word_1_19' title='bbox 62 543 135 595; x_wconf 84' lang='lat' dir='ltr'><strong>etde</strong></span> <span class='ocrx_word' id='word_1_20' title='bbox 146 542 247 596; x_wconf 85' lang='lat' dir='ltr'><strong>Cerulo</strong></span> <span class='ocrx_word' id='word_1_21' title='bbox 258 543 372 608; x_wconf 87' lang='lat' dir='ltr'><strong>liberto,</strong></span> <span class='ocrx_word' id='word_1_22' title='bbox 384 546 440 612; x_wconf 87' lang='lat' dir='ltr'><strong>qui,</strong></span> <span class='ocrx_word' id='word_1_23' title='bbox 452 546 528 596; x_wconf 88' lang='lat' dir='ltr'><strong>dives</strong></span> <span class='ocrx_word' id='word_1_24' title='bbox 539 543 696 608; x_wconf 84' lang='lat' dir='ltr'>admodum,</span> <span class='ocrx_word' id='word_1_25' title='bbox 708 545 744 596; x_wconf 91' lang='lat' dir='ltr'><strong>ub</strong></span> <span class='ocrx_word' id='word_1_26' title='bbox 756 543 859 594; x_wconf 89' lang='lat' dir='ltr'><strong>subter-</strong></span> 
     </span>
    </p>
   </div>
   <div class='ocr_carea' id='block_1_3' title="bbox 62 617 958 686">
    <p class='ocr_par' dir='ltr' id='par_1_3' title="bbox 62 617 958 686">
     <span class='ocr_line' id='line_1_5' title="bbox 62 617 958 686; baseline -0.009 -14"><span class='ocrx_word' id='word_1_27' title='bbox 62 617 224 685; x_wconf 77' lang='lat' dir='ltr'><strong>fugiendum</strong></span> <span class='ocrx_word' id='word_1_28' title='bbox 240 619 404 686; x_wconf 82' lang='lat' dir='ltr'><strong>quandoque</strong></span> <span class='ocrx_word' id='word_1_29' title='bbox 417 621 461 672; x_wconf 87' lang='lat' dir='ltr'><strong>ius</strong></span> <span class='ocrx_word' id='word_1_30' title='bbox 475 621 536 672; x_wconf 81' lang='lat' dir='ltr'><strong>fisci</strong></span> <span class='ocrx_word' id='word_1_31' title='bbox 559 621 707 686; x_wconf 81' lang='lat' dir='ltr'><strong>ingenuum</strong></span> <span class='ocrx_word' id='word_1_32' title='bbox 725 635 754 670; x_wconf 87' lang='lat' dir='ltr'><strong>se</strong></span> <span class='ocrx_word' id='word_1_33' title='bbox 769 617 860 670; x_wconf 85' lang='lat' dir='ltr'><strong>etLa·</strong></span> <span class='ocrx_word' id='word_1_34' title='bbox 956 653 958 658; x_wconf 94' lang='lat'><em>.</em></span> 
     </span>
    </p>
   </div>
   <div class='ocr_carea' id='block_1_4' title="bbox 58 691 936 2709">
    <p class='ocr_par' dir='ltr' id='par_1_4' title="bbox 63 691 690 985">
     <span class='ocr_line' id='line_1_6' title="bbox 63 691 635 761; baseline 0.002 -17"><span class='ocrx_word' id='word_1_35' title='bbox 63 691 169 744; x_wconf 79' lang='lat' dir='ltr'><strong>cheteus</strong></span> <span class='ocrx_word' id='word_1_36' title='bbox 180 698 286 745; x_wconf 84' lang='lat' dir='ltr'><strong>mutato</strong></span> <span class='ocrx_word' id='word_1_37' title='bbox 296 695 407 746; x_wconf 91' lang='lat' dir='ltr'><strong>nomine</strong></span> <span class='ocrx_word' id='word_1_38' title='bbox 417 701 546 761; x_wconf 87' lang='lat' dir='ltr'><strong>coeperat</strong></span> <span class='ocrx_word' id='word_1_39' title='bbox 554 694 635 757; x_wconf 84' lang='lat' dir='ltr'><strong>ferre,</strong></span> 
     </span>
     <span class='ocr_line' id='line_1_7' title="bbox 114 754 563 834; baseline 0 -18"><span class='ocrx_word' id='word_1_40' title='bbox 114 800 119 808; x_wconf 51' lang='grc' dir='ltr'><em>ι</em></span> <span class='ocrx_word' id='word_1_41' title='bbox 197 754 454 834; x_wconf 61' lang='lat' dir='ltr'><strong>--·-o3Aoi1qc,</strong></span> <span class='ocrx_word' id='word_1_42' title='bbox 462 765 563 833; x_wconf 74' lang='grc' dir='ltr'><em>Λάχης,</em></span> 
     </span>
     <span class='ocr_line' id='line_1_8' title="bbox 200 829 690 912; baseline 0.002 -21"><span class='ocrx_word' id='word_1_43' title='bbox 200 838 266 906; x_wconf 67' lang='grc' dir='ltr'><strong>ἐπὴν</strong></span> <span class='ocrx_word' id='word_1_44' title='bbox 276 839 427 912; x_wconf 65' lang='grc' dir='ltr'><strong><em>ἀποθάνῃς,</em></strong></span> <span class='ocrx_word' id='word_1_45' title='bbox 439 829 520 898; x_wconf 73' lang='grc' dir='ltr'>αὖθις</span> <span class='ocrx_word' id='word_1_46' title='bbox 530 841 637 910; x_wconf 74' lang='grc' dir='ltr'><strong><em>ἐξαρχῆς</em></strong></span> <span class='ocrx_word' id='word_1_47' title='bbox 648 843 690 912; x_wconf 78' lang='grc' dir='ltr'><strong>ἴσῃ</strong></span> 
     </span>
     <span class='ocr_line' id='line_1_9' title="bbox 198 914 375 985; baseline 0.017 -21"><span class='ocrx_word' id='word_1_48' title='bbox 198 914 330 985; x_wconf 74' lang='grc' dir='ltr'><strong><em>Κήρυλος.</em></strong></span> <span class='ocrx_word' id='word_1_49' title='bbox 372 916 375 925; x_wconf 86' lang='grc'><strong>“</strong></span> 
     </span>
    </p>

    <p class='ocr_par' dir='ltr' id='par_1_5' title="bbox 58 993 936 2709">
     <span class='ocr_line' id='line_1_10' title="bbox 63 993 860 1066; baseline 0.003 -22"><span class='ocrx_word' id='word_1_50' title='bbox 63 994 99 1044; x_wconf 88' lang='lat' dir='ltr'><strong>Et</strong></span> <span class='ocrx_word' id='word_1_51' title='bbox 113 993 233 1045; x_wconf 84' lang='lat' dir='ltr'><strong>maxime</strong></span> <span class='ocrx_word' id='word_1_52' title='bbox 247 999 338 1045; x_wconf 86' lang='lat' dir='ltr'><strong>tamen</strong></span> <span class='ocrx_word' id='word_1_53' title='bbox 353 993 528 1046; x_wconf 79' lang='lat' dir='ltr'>dicacitatem</span> <span class='ocrx_word' id='word_1_54' title='bbox 541 995 570 1046; x_wconf 90' lang='lat' dir='ltr'><strong>in</strong></span> <span class='ocrx_word' id='word_1_55' title='bbox 586 995 756 1066; x_wconf 84' lang='lat' dir='ltr'><strong>deformibus</strong></span> <span class='ocrx_word' id='word_1_56' title='bbox 777 996 860 1046; x_wconf 86' lang='lat' dir='ltr'><strong>lucris</strong></span> 
     </span>
     <span class='ocr_line' id='line_1_11' title="bbox 64 1062 936 1136; baseline 0.003 -18"><span class='ocrx_word' id='word_1_57' title='bbox 64 1067 228 1132; x_wconf 80' lang='lat' dir='ltr'><strong>affectabat,</strong></span> <span class='ocrx_word' id='word_1_58' title='bbox 249 1074 281 1120; x_wconf 91' lang='lat' dir='ltr'><strong>ut</strong></span> <span class='ocrx_word' id='word_1_59' title='bbox 292 1069 426 1120; x_wconf 81' lang='lat' dir='ltr'><strong>invidiam</strong></span> <span class='ocrx_word' id='word_1_60' title='bbox 440 1062 535 1136; x_wconf 82' lang='lat' dir='ltr'><strong>aliquo</strong></span> <span class='ocrx_word' id='word_1_61' title='bbox 546 1069 724 1122; x_wconf 81' lang='lat' dir='ltr'><strong>cavillatione</strong></span> <span class='ocrx_word' id='word_1_62' title='bbox 735 1069 860 1134; x_wconf 83' lang='lat' dir='ltr'><strong>dilueret,</strong></span> <span class='ocrx_word' id='word_1_63' title='bbox 931 1125 936 1136; x_wconf 57' lang='grc'><em>,</em></span> 
     </span>
     <span class='ocr_line' id='line_1_12' title="bbox 62 1142 860 1210; baseline 0.003 -16"><span class='ocrx_word' id='word_1_64' title='bbox 62 1142 279 1210; x_wconf 80' lang='lat' dir='ltr'><strong>transferretque</strong></span> <span class='ocrx_word' id='word_1_65' title='bbox 290 1144 325 1195; x_wconf 87' lang='lat' dir='ltr'><strong>ad</strong></span> <span class='ocrx_word' id='word_1_66' title='bbox 336 1144 417 1196; x_wconf 86' lang='lat' dir='ltr'><strong>sales.</strong></span> <span class='ocrx_word' id='word_1_67' title='bbox 457 1145 598 1206; x_wconf 76' lang='lat' dir='ltr'><strong>Quendam</strong></span> <span class='ocrx_word' id='word_1_68' title='bbox 610 1161 625 1196; x_wconf 92' lang='lat' dir='ltr'><strong>e</strong></span> <span class='ocrx_word' id='word_1_69' title='bbox 636 1145 708 1197; x_wconf 88' lang='lat' dir='ltr'><strong>caris</strong></span> <span class='ocrx_word' id='word_1_70' title='bbox 718 1145 860 1208; x_wconf 78' lang='lat' dir='ltr'><strong>ministris,</strong></span> 
     </span>
     <span class='ocr_line' id='line_1_13' title="bbox 64 1219 861 1288; baseline 0 -18"><span class='ocrx_word' id='word_1_71' title='bbox 64 1219 298 1286; x_wconf 64' lang='lat' dir='ltr'><strong>dispensationem</strong></span> <span class='ocrx_word' id='word_1_72' title='bbox 327 1219 436 1270; x_wconf 79' lang='lat' dir='ltr'><strong>cuidam</strong></span> <span class='ocrx_word' id='word_1_73' title='bbox 466 1221 547 1288; x_wconf 84' lang='lat' dir='ltr'><strong>quasi</strong></span> <span class='ocrx_word' id='word_1_74' title='bbox 574 1220 687 1274; x_wconf 83' lang='lat' dir='ltr'><strong>lrotrem</strong></span> <span class='ocrx_word' id='word_1_75' title='bbox 717 1225 861 1286; x_wconf 87' lang='lat' dir='ltr'><strong>petentem,</strong></span> 
     </span>
     <span class='ocr_line' id='line_1_14' title="bbox 64 1293 860 1361; baseline 0.001 -17"><span class='ocrx_word' id='word_1_76' title='bbox 64 1309 148 1361; x_wconf 76' lang='lat' dir='ltr'><strong>qutun</strong></span> <span class='ocrx_word' id='word_1_77' title='bbox 163 1293 328 1357; x_wconf 77' lang='lat' dir='ltr'><strong>distulisset,</strong></span> <span class='ocrx_word' id='word_1_78' title='bbox 348 1294 440 1360; x_wconf 89' lang='lat' dir='ltr'><strong>ipsum</strong></span> <span class='ocrx_word' id='word_1_79' title='bbox 455 1295 632 1347; x_wconf 80' lang='lat' dir='ltr'><strong>candidatum</strong></span> <span class='ocrx_word' id='word_1_80' title='bbox 647 1295 684 1346; x_wconf 89' lang='lat' dir='ltr'><strong>ad</strong></span> <span class='ocrx_word' id='word_1_81' title='bbox 697 1311 727 1346; x_wconf 91' lang='lat' dir='ltr'><strong>se</strong></span> <span class='ocrx_word' id='word_1_82' title='bbox 736 1295 860 1356; x_wconf 78' lang='lat' dir='ltr'><strong>vocavit3</strong></span> 
     </span>
     <span class='ocr_line' id='line_1_15' title="bbox 64 1369 858 1437; baseline 0 -17"><span class='ocrx_word' id='word_1_83' title='bbox 64 1375 216 1434; x_wconf 82' lang='lat' dir='ltr'><strong>exactaque</strong></span> <span class='ocrx_word' id='word_1_84' title='bbox 226 1369 352 1436; x_wconf 79' lang='lat' dir='ltr'><strong>pemmio,</strong></span> <span class='ocrx_word' id='word_1_85' title='bbox 365 1376 495 1436; x_wconf 87' lang='lat' dir='ltr'><strong>quantam</strong></span> <span class='ocrx_word' id='word_1_86' title='bbox 504 1371 530 1421; x_wconf 92' lang='lat' dir='ltr'><strong>is</strong></span> <span class='ocrx_word' id='word_1_87' title='bbox 541 1387 602 1422; x_wconf 91' lang='lat' dir='ltr'><strong>cum</strong></span> <span class='ocrx_word' id='word_1_88' title='bbox 613 1369 797 1437; x_wconf 82' lang='lat' dir='ltr'><strong>suffragatore</strong></span> <span class='ocrx_word' id='word_1_89' title='bbox 807 1386 858 1421; x_wconf 75' lang='lat' dir='ltr'><strong>suro</strong></span> 
     </span>
     <span class='ocr_line' id='line_1_16' title="bbox 63 1443 858 1515; baseline -0.001 -19"><span class='ocrx_word' id='word_1_90' title='bbox 63 1444 221 1512; x_wconf 82' lang='lat' dir='ltr'><strong>pepigerat,</strong></span> <span class='ocrx_word' id='word_1_91' title='bbox 242 1444 300 1495; x_wconf 90' lang='lat' dir='ltr'><strong>sine</strong></span> <span class='ocrx_word' id='word_1_92' title='bbox 315 1459 393 1496; x_wconf 85' lang='lat' dir='ltr'><strong>moro</strong></span> <span class='ocrx_word' id='word_1_93' title='bbox 404 1445 551 1497; x_wconf 83' lang='lat' dir='ltr'><strong>ordinavit.</strong></span> <span class='ocrx_word' id='word_1_94' title='bbox 591 1445 781 1515; x_wconf 67' lang='lat' dir='ltr'><strong>interpellanti</strong></span> <span class='ocrx_word' id='word_1_95' title='bbox 793 1443 858 1496; x_wconf 78' lang='lat' dir='ltr'><strong>mox</strong></span> 
     </span>
     <span class='ocr_line' id='line_1_17' title="bbox 62 1517 859 1592; baseline 0.001 -23"><span class='ocrx_word' id='word_1_96' title='bbox 62 1519 205 1582; x_wconf 85' lang='lat' dir='ltr'><strong>ministro,</strong></span> <span class='ocrx_word' id='word_1_97' title='bbox 221 1517 310 1570; x_wconf 76' lang='lat' dir='ltr'><strong>Alium</strong></span> <span class='ocrx_word' id='word_1_98' title='bbox 321 1518 381 1584; x_wconf 76' lang='lat' dir='ltr'><strong>siti,</strong></span> <span class='ocrx_word' id='word_1_99' title='bbox 398 1521 451 1584; x_wconf 85' lang='lat' dir='ltr'><strong>ait,</strong></span> <span class='ocrx_word' id='word_1_100' title='bbox 463 1537 558 1587; x_wconf 82' lang='lat' dir='ltr'><strong>quaere</strong></span> <span class='ocrx_word' id='word_1_101' title='bbox 561 1520 697 1592; x_wconf 78' lang='lat' dir='ltr'><strong>fratrem.-</strong></span> <span class='ocrx_word' id='word_1_102' title='bbox 716 1519 772 1583; x_wconf 80' lang='lat' dir='ltr'><strong>die,</strong></span> <span class='ocrx_word' id='word_1_103' title='bbox 785 1536 859 1587; x_wconf 80' lang='lat' dir='ltr'><strong>quem</strong></span> 
     </span>
     <span class='ocr_line' id='line_1_18' title="bbox 62 1595 858 1662; baseline 0.003 -18"><span class='ocrx_word' id='word_1_104' title='bbox 62 1603 138 1644; x_wconf 82' lang='lat' dir='ltr'><strong>tuum</strong></span> <span class='ocrx_word' id='word_1_105' title='bbox 144 1601 238 1660; x_wconf 81' lang='lat' dir='ltr'><strong>putas,</strong></span> <span class='ocrx_word' id='word_1_106' title='bbox 259 1609 331 1645; x_wconf 85' lang='lat' dir='ltr'><strong>meus</strong></span> <span class='ocrx_word' id='word_1_107' title='bbox 341 1604 387 1648; x_wconf 83' lang='lat' dir='ltr'><strong>est.</strong></span> <span class='ocrx_word' id='word_1_108' title='bbox 425 1596 578 1649; x_wconf 86' lang='lat' dir='ltr'><strong>Mulionom</strong></span> <span class='ocrx_word' id='word_1_109' title='bbox 591 1598 620 1648; x_wconf 89' lang='lat' dir='ltr'><strong>in</strong></span> <span class='ocrx_word' id='word_1_110' title='bbox 629 1597 728 1648; x_wconf 90' lang='lat' dir='ltr'><strong>itinere</strong></span> <span class='ocrx_word' id='word_1_111' title='bbox 739 1595 858 1662; x_wconf 81' lang='lat' dir='ltr'><strong>quodum</strong></span> 
     </span>
     <span class='ocr_line' id='line_1_19' title="bbox 62 1669 858 1736; baseline 0.003 -18"><span class='ocrx_word' id='word_1_112' title='bbox 62 1669 221 1736; x_wconf 81' lang='lat' dir='ltr'><strong>suspicatus</strong></span> <span class='ocrx_word' id='word_1_113' title='bbox 232 1669 267 1720; x_wconf 87' lang='lat' dir='ltr'><strong>ad</strong></span> <span class='ocrx_word' id='word_1_114' title='bbox 278 1669 441 1722; x_wconf 84' lang='lat' dir='ltr'><strong>calceandos</strong></span> <span class='ocrx_word' id='word_1_115' title='bbox 451 1672 540 1723; x_wconf 87' lang='lat' dir='ltr'><strong>mulas</strong></span> <span class='ocrx_word' id='word_1_116' title='bbox 545 1669 699 1734; x_wconf 87' lang='lat' dir='ltr'><strong>desiluisse,</strong></span> <span class='ocrx_word' id='word_1_117' title='bbox 705 1677 737 1723; x_wconf 91' lang='lat' dir='ltr'><strong>ut</strong></span> <span class='ocrx_word' id='word_1_118' title='bbox 747 1670 858 1722; x_wconf 85' lang='lat' dir='ltr'><strong>adeunti</strong></span> 
     </span>
     <span class='ocr_line' id='line_1_20' title="bbox 61 1743 857 1813; baseline 0.004 -20"><span class='ocrx_word' id='word_1_119' title='bbox 61 1743 201 1810; x_wconf 78' lang='lat' dir='ltr'><strong>litigatori</strong></span> <span class='ocrx_word' id='word_1_120' title='bbox 211 1745 330 1810; x_wconf 86' lang='lat' dir='ltr'><strong>spatium</strong></span> <span class='ocrx_word' id='word_1_121' title='bbox 341 1759 500 1811; x_wconf 88' lang='lat' dir='ltr'><strong>moramque</strong></span> <span class='ocrx_word' id='word_1_122' title='bbox 510 1748 662 1812; x_wconf 86' lang='lat' dir='ltr'><strong>praeberet,</strong></span> <span class='ocrx_word' id='word_1_123' title='bbox 667 1747 857 1813; x_wconf 82' lang='lat' dir='ltr'><strong>interrogavit,</strong></span> 
     </span>
     <span class='ocr_line' id='line_1_21' title="bbox 64 1817 858 1886; baseline 0 -16"><span class='ocrx_word' id='word_1_124' title='bbox 64 1817 169 1882; x_wconf 57' lang='lat' dir='ltr'><strong>mano</strong></span> <span class='ocrx_word' id='word_1_125' title='bbox 182 1819 338 1870; x_wconf 63' lang='lat' dir='ltr'><strong>cassasset?</strong></span> <span class='ocrx_word' id='word_1_126' title='bbox 361 1825 389 1871; x_wconf 86' lang='lat' dir='ltr'><strong>ot</strong></span> <span class='ocrx_word' id='word_1_127' title='bbox 403 1826 500 1886; x_wconf 77' lang='lat' dir='ltr'><strong>pectrrs</strong></span> <span class='ocrx_word' id='word_1_128' title='bbox 514 1826 556 1872; x_wconf 89' lang='lat' dir='ltr'><strong>est</strong></span> <span class='ocrx_word' id='word_1_129' title='bbox 569 1820 641 1872; x_wconf 85' lang='lat' dir='ltr'><strong>lucri</strong></span> <span class='ocrx_word' id='word_1_130' title='bbox 654 1827 768 1886; x_wconf 81' lang='lat' dir='ltr'><strong>partem.</strong></span> <span class='ocrx_word' id='word_1_131' title='bbox 807 1820 858 1870; x_wconf 89' lang='lat' dir='ltr'><strong>Re-</strong></span> 
     </span>
     <span class='ocr_line' id='line_1_22' title="bbox 60 1892 859 1963; baseline -0.003 -17"><span class='ocrx_word' id='word_1_132' title='bbox 60 1892 242 1962; x_wconf 83' lang='lat' dir='ltr'><strong>prehendenti</strong></span> <span class='ocrx_word' id='word_1_133' title='bbox 261 1895 321 1945; x_wconf 83' lang='lat' dir='ltr'><strong>lilio</strong></span> <span class='ocrx_word' id='word_1_134' title='bbox 337 1895 416 1959; x_wconf 77' lang='lat' dir='ltr'><strong>lito,</strong></span> <span class='ocrx_word' id='word_1_135' title='bbox 438 1894 610 1963; x_wconf 86' lang='lat' dir='ltr'><strong>quodetiam</strong></span> <span class='ocrx_word' id='word_1_136' title='bbox 629 1896 726 1946; x_wconf 87' lang='lat' dir='ltr'><strong>urinae</strong></span> <span class='ocrx_word' id='word_1_137' title='bbox 739 1895 859 1961; x_wconf 76' lang='lat' dir='ltr'><strong>vectigal</strong></span> 
     </span>
     <span class='ocr_line' id='line_1_23' title="bbox 61 1969 858 2037; baseline -0.001 -17"><span class='ocrx_word' id='word_1_138' title='bbox 61 1974 330 2032; x_wconf 66' lang='lat' dir='ltr'><strong>commentando,</strong></span> <span class='ocrx_word' id='word_1_139' title='bbox 351 1970 494 2037; x_wconf 70' lang='lat' dir='ltr'><strong>pecliniam</strong></span> <span class='ocrx_word' id='word_1_140' title='bbox 509 1984 543 2022; x_wconf 80' lang='lat' dir='ltr'><strong>ex</strong></span> <span class='ocrx_word' id='word_1_141' title='bbox 557 1970 646 2036; x_wconf 87' lang='lat' dir='ltr'><strong>prima</strong></span> <span class='ocrx_word' id='word_1_142' title='bbox 659 1969 790 2036; x_wconf 88' lang='lat' dir='ltr'><strong>pensione</strong></span> <span class='ocrx_word' id='word_1_143' title='bbox 810 1969 858 2019; x_wconf 89' lang='lat' dir='ltr'><strong>ad·</strong></span> 
     </span>
     <span class='ocr_line' id='line_1_24' title="bbox 59 2041 858 2112; baseline -0.003 -16"><span class='ocrx_word' id='word_1_144' title='bbox 59 2043 299 2108; x_wconf 71' lang='lat' dir='ltr'><strong>movissemus,</strong></span> <span class='ocrx_word' id='word_1_145' title='bbox 320 2045 477 2107; x_wconf 80' lang='lat' dir='ltr'><strong>sciscitans,</strong></span> <span class='ocrx_word' id='word_1_146' title='bbox 497 2060 560 2096; x_wconf 81' lang='lat' dir='ltr'><strong>num</strong></span> <span class='ocrx_word' id='word_1_147' title='bbox 574 2044 652 2096; x_wconf 83' lang='lat' dir='ltr'><strong>odore</strong></span> <span class='ocrx_word' id='word_1_148' title='bbox 663 2041 858 2112; x_wconf 72' lang='lat' dir='ltr'><strong>offenderetur?</strong></span> 
     </span>
     <span class='ocr_line' id='line_1_25' title="bbox 59 2117 857 2186; baseline -0.001 -15"><span class='ocrx_word' id='word_1_149' title='bbox 59 2126 88 2171; x_wconf 89' lang='lat' dir='ltr'><strong>et</strong></span> <span class='ocrx_word' id='word_1_150' title='bbox 96 2119 149 2170; x_wconf 89' lang='lat' dir='ltr'><strong>illo</strong></span> <span class='ocrx_word' id='word_1_151' title='bbox 160 2117 388 2186; x_wconf 62' lang='lat' dir='ltr'><strong>negantemque,</strong></span> <span class='ocrx_word' id='word_1_152' title='bbox 400 2120 498 2186; x_wconf 85' lang='lat' dir='ltr'><strong>inquit,</strong></span> <span class='ocrx_word' id='word_1_153' title='bbox 510 2119 597 2171; x_wconf 77' lang='lat' dir='ltr'><strong>eletio</strong></span> <span class='ocrx_word' id='word_1_154' title='bbox 608 2128 654 2170; x_wconf 82' lang='lat' dir='ltr'><strong>ert.</strong></span> <span class='ocrx_word' id='word_1_155' title='bbox 688 2118 857 2170; x_wconf 83' lang='lat' dir='ltr'><strong>Nunciontes</strong></span> 
     </span>
     <span class='ocr_line' id='line_1_26' title="bbox 59 2192 857 2261; baseline -0.001 -16"><span class='ocrx_word' id='word_1_156' title='bbox 59 2195 182 2261; x_wconf 83' lang='lat' dir='ltr'><strong>legatos,</strong></span> <span class='ocrx_word' id='word_1_157' title='bbox 204 2192 335 2245; x_wconf 80' lang='lat' dir='ltr'><strong>decretum</strong></span> <span class='ocrx_word' id='word_1_158' title='bbox 355 2194 380 2244; x_wconf 80' lang='lat' dir='ltr'><strong>ei</strong></span> <span class='ocrx_word' id='word_1_159' title='bbox 394 2195 498 2261; x_wconf 80' lang='lat' dir='ltr'><strong>pollice</strong></span> <span class='ocrx_word' id='word_1_160' title='bbox 517 2211 570 2246; x_wconf 84' lang='lat' dir='ltr'><strong>non</strong></span> <span class='ocrx_word' id='word_1_161' title='bbox 589 2193 727 2246; x_wconf 80' lang='lat' dir='ltr'><strong>mediocris</strong></span> <span class='ocrx_word' id='word_1_162' title='bbox 742 2209 857 2246; x_wconf 82' lang='lat' dir='ltr'><strong>summae</strong></span> 
     </span>
     <span class='ocr_line' id='line_1_27' title="bbox 59 2269 857 2336; baseline -0.004 -15"><span class='ocrx_word' id='word_1_163' title='bbox 59 2277 180 2321; x_wconf 75' lang='lat' dir='ltr'><strong>stantum</strong></span> <span class='ocrx_word' id='word_1_164' title='bbox 190 2269 338 2331; x_wconf 70' lang='lat' dir='ltr'><strong>comestam,</strong></span> <span class='ocrx_word' id='word_1_165' title='bbox 348 2270 431 2321; x_wconf 85' lang='lat' dir='ltr'><strong>iussit</strong></span> <span class='ocrx_word' id='word_1_166' title='bbox 439 2269 484 2322; x_wconf 89' lang='lat' dir='ltr'><strong>vel</strong></span> <span class='ocrx_word' id='word_1_167' title='bbox 492 2270 623 2322; x_wconf 82' lang='lat' dir='ltr'><strong>continuo</strong></span> <span class='ocrx_word' id='word_1_168' title='bbox 635 2284 749 2336; x_wconf 88' lang='lat' dir='ltr'><strong>ponere,</strong></span> <span class='ocrx_word' id='word_1_169' title='bbox 762 2284 857 2319; x_wconf 78' lang='lat' dir='ltr'><strong>navam</strong></span> 
     </span>
     <span class='ocr_line' id='line_1_28' title="bbox 59 2344 857 2413; baseline 0 -19"><span class='ocrx_word' id='word_1_170' title='bbox 59 2359 172 2395; x_wconf 87' lang='lat' dir='ltr'><strong>manum</strong></span> <span class='ocrx_word' id='word_1_171' title='bbox 183 2349 336 2408; x_wconf 86' lang='lat' dir='ltr'><strong>ostentans,</strong></span> <span class='ocrx_word' id='word_1_172' title='bbox 357 2351 384 2395; x_wconf 85' lang='lat' dir='ltr'><strong>et</strong></span> <span class='ocrx_word' id='word_1_173' title='bbox 397 2351 522 2413; x_wconf 80' lang='lat' dir='ltr'><strong>paratam</strong></span> <span class='ocrx_word' id='word_1_174' title='bbox 538 2345 619 2396; x_wconf 86' lang='lat' dir='ltr'><strong>basin</strong></span> <span class='ocrx_word' id='word_1_175' title='bbox 633 2344 736 2395; x_wconf 86' lang='lat' dir='ltr'><strong>diceus.</strong></span> <span class='ocrx_word' id='word_1_176' title='bbox 773 2344 813 2394; x_wconf 79' lang='lat' dir='ltr'><strong>Ac</strong></span> <span class='ocrx_word' id='word_1_177' title='bbox 822 2359 857 2394; x_wconf 89' lang='lat' dir='ltr'><strong>ne</strong></span> 
     </span>
     <span class='ocr_line' id='line_1_29' title="bbox 58 2418 857 2486; baseline -0.003 -16"><span class='ocrx_word' id='word_1_178' title='bbox 58 2421 89 2470; x_wconf 88' lang='lat' dir='ltr'><strong>in</strong></span> <span class='ocrx_word' id='word_1_179' title='bbox 99 2425 176 2470; x_wconf 83' lang='lat' dir='ltr'><strong>metu</strong></span> <span class='ocrx_word' id='word_1_180' title='bbox 186 2419 296 2485; x_wconf 88' lang='lat' dir='ltr'><strong>quidem</strong></span> <span class='ocrx_word' id='word_1_181' title='bbox 306 2435 339 2470; x_wconf 84' lang='lat' dir='ltr'><strong>ao</strong></span> <span class='ocrx_word' id='word_1_182' title='bbox 348 2419 471 2486; x_wconf 83' lang='lat' dir='ltr'><strong>periculo</strong></span> <span class='ocrx_word' id='word_1_183' title='bbox 482 2421 580 2471; x_wconf 87' lang='lat' dir='ltr'><strong>mortis</strong></span> <span class='ocrx_word' id='word_1_184' title='bbox 590 2426 711 2470; x_wconf 85' lang='lat' dir='ltr'><strong>extremo</strong></span> <span class='ocrx_word' id='word_1_185' title='bbox 723 2418 857 2469; x_wconf 87' lang='lat' dir='ltr'><strong>abstinuit</strong></span> 
     </span>
     <span class='ocr_line' id='line_1_30' title="bbox 59 2491 854 2561; baseline -0.004 -15"><span class='ocrx_word' id='word_1_186' title='bbox 59 2495 144 2547; x_wconf 87' lang='lat' dir='ltr'><strong>iocis.</strong></span> <span class='ocrx_word' id='word_1_187' title='bbox 182 2493 347 2561; x_wconf 87' lang='lat' dir='ltr'><strong>Namqnum</strong></span> <span class='ocrx_word' id='word_1_188' title='bbox 356 2494 567 2561; x_wconf 82' lang='lat' dir='ltr'><strong>interprodigio</strong></span> <span class='ocrx_word' id='word_1_189' title='bbox 581 2501 672 2546; x_wconf 83' lang='lat' dir='ltr'><strong>cetera</strong></span> <span class='ocrx_word' id='word_1_190' title='bbox 680 2491 854 2545; x_wconf 84' lang='lat' dir='ltr'><strong>Mausoleum</strong></span> 
     </span>
     <span class='ocr_line' id='line_1_31' title="bbox 59 2568 855 2638; baseline -0.006 -16"><span class='ocrx_word' id='word_1_191' title='bbox 59 2575 174 2638; x_wconf 88' lang='lat' dir='ltr'><strong>repente</strong></span> <span class='ocrx_word' id='word_1_192' title='bbox 183 2569 330 2637; x_wconf 85' lang='lat' dir='ltr'><strong>potuisset,</strong></span> <span class='ocrx_word' id='word_1_193' title='bbox 346 2575 374 2620; x_wconf 91' lang='lat' dir='ltr'><strong>et</strong></span> <span class='ocrx_word' id='word_1_194' title='bbox 383 2568 463 2621; x_wconf 86' lang='lat' dir='ltr'><strong>stello</strong></span> <span class='ocrx_word' id='word_1_195' title='bbox 472 2570 501 2620; x_wconf 89' lang='lat' dir='ltr'><strong>in</strong></span> <span class='ocrx_word' id='word_1_196' title='bbox 512 2569 591 2622; x_wconf 85' lang='lat' dir='ltr'><strong>coelo</strong></span> <span class='ocrx_word' id='word_1_197' title='bbox 603 2568 703 2620; x_wconf 84' lang='lat' dir='ltr'><strong>crinita</strong></span> <span class='ocrx_word' id='word_1_198' title='bbox 713 2568 855 2634; x_wconf 83' lang='lat' dir='ltr'><strong>apparuis-</strong></span> 
     </span>
     <span class='ocr_line' id='line_1_32' title="bbox 60 2642 856 2709; baseline -0.004 -12"><span class='ocrx_word' id='word_1_199' title='bbox 60 2653 115 2697; x_wconf 83' lang='lat' dir='ltr'><strong>set:</strong></span> <span class='ocrx_word' id='word_1_200' title='bbox 141 2644 257 2695; x_wconf 89' lang='lat' dir='ltr'><strong>alterum</strong></span> <span class='ocrx_word' id='word_1_201' title='bbox 277 2643 313 2694; x_wconf 89' lang='lat' dir='ltr'><strong>ad</strong></span> <span class='ocrx_word' id='word_1_202' title='bbox 331 2644 430 2694; x_wconf 86' lang='lat' dir='ltr'><strong>luliam</strong></span> <span class='ocrx_word' id='word_1_203' title='bbox 445 2643 586 2695; x_wconf 80' lang='lat' dir='ltr'><strong>Calvinum</strong></span> <span class='ocrx_word' id='word_1_204' title='bbox 607 2660 621 2696; x_wconf 98' lang='lat' dir='ltr'><strong>e</strong></span> <span class='ocrx_word' id='word_1_205' title='bbox 641 2650 721 2709; x_wconf 83' lang='lat' dir='ltr'><strong>gente</strong></span> <span class='ocrx_word' id='word_1_206' title='bbox 739 2642 856 2708; x_wconf 79' lang='lat' dir='ltr'><strong>Augusti</strong></span> 
     </span>
    </p>
   </div>
   <div class='ocr_carea' id='block_1_5' title="bbox 60 2717 856 2793">
    <p class='ocr_par' dir='ltr' id='par_1_6' title="bbox 60 2717 856 2793">
     <span class='ocr_line' id='line_1_33' title="bbox 60 2717 856 2793; baseline -0.005 -21"><span class='ocrx_word' id='word_1_207' title='bbox 60 2721 199 2793; x_wconf 85' lang='lat' dir='ltr'><strong>pertinere</strong></span> <span class='ocrx_word' id='word_1_208' title='bbox 210 2718 332 2783; x_wconf 83' lang='lat' dir='ltr'><strong>dicebat3</strong></span> <span class='ocrx_word' id='word_1_209' title='bbox 348 2719 464 2772; x_wconf 78' lang='lat' dir='ltr'><strong>alterum</strong></span> <span class='ocrx_word' id='word_1_210' title='bbox 475 2718 512 2773; x_wconf 83' lang='lat' dir='ltr'><strong>ad</strong></span> <span class='ocrx_word' id='word_1_211' title='bbox 520 2717 686 2772; x_wconf 89' lang='lat' dir='ltr'><strong>Parthorum</strong></span> <span class='ocrx_word' id='word_1_212' title='bbox 696 2732 796 2788; x_wconf 80' lang='lat' dir='ltr'><strong>regem,</strong></span> <span class='ocrx_word' id='word_1_213' title='bbox 808 2719 856 2790; x_wconf 84' lang='lat' dir='ltr'><strong>qui</strong></span> 
     </span>
    </p>
   </div>
   <div class='ocr_carea' id='block_1_6' title="bbox 0 0 1022 3022">
    <p class='ocr_par' dir='ltr' id='par_1_7' title="bbox 0 0 1022 3022">
     <span class='ocr_line' id='line_1_34' title="bbox 0 0 1022 3022; baseline 0 1"><span class='ocrx_word' id='word_1_214' title='bbox 0 0 1022 3022; x_wconf 95' lang='lat' dir='ltr'><strong> </strong></span> 
     </span>
    </p>
   </div>
  </div>
 </body>
</html>
