2044 3028
172 257 221 307 388
318 255 824 304 0.8ΙΙΕΤοΝΗΕΒΛ6ΜΕΝΤΑ.

170 382 283 432 Fretum
295 386 439 448 angustum
452 379 533 445 quasi
543 377 650 430 fervens
664 393 752 442 mare,
767 384 799 430 ut
810 379 946 432 Sicinium
958 389 975 433 el

171 454 339 506 Gaditanum
352 454 416 517 (Ms.
430 452 624 518 Gaditianam).
635 453 782 504 Aestuaria
791 461 860 505 ssmt
870 459 975 520 omnia,

169 545 218 598 per
229 545 299 596 quae
310 543 385 580 mare
395 529 516 579 vicissim
526 535 584 578 tum
596 527 702 578 accedit
712 527 779 591 (Ms.
790 527 907 595 occidit)
920 538 975 582 tum

166 604 279 656 recedit.
323 603 413 654 Altum
438 603 550 670 proprie
571 617 645 655 usare
665 601 843 670 profundum.
891 603 975 656 Vada

168 679 233 742 (Ms.
245 681 342 747 naga),
359 678 458 746 quibus
469 679 498 728 in
509 677 581 728 mari
590 683 682 744 potest
691 677 773 739 stari,
792 693 866 746 quae
876 678 975 748 Virgi·

167 753 222 803 lius
233 753 329 804 brevia
339 752 469 820 appellat,
482 767 553 820 quae
564 753 659 804 eadem
671 750 771 803 Graeci
779 751 895 817 βραχέα.
936 755 975 807 Si.

166 832 217 878 nus
237 828 356 878 maiores
377 842 500 878 recessus
520 827 605 878 maris
626 827 767 890 dicuntlu,
787 832 818 881 nt
838 826 975 895 Caspius,

166 901 309 966 Arabicus,
320 900 444 953 Indicus:
465 902 585 953 maiores
596 907 686 953 autem
698 901 801 970 anguli,
811 907 844 952 ut
852 901 975 955 Paesta·

165 991 230 1038 nus,
246 975 409 1040 Matrestae‚
425 975 593 1043 Amyclanus
604 982 632 1026 et
641 976 745 1027 similes
755 977 872 1027 nomina
883 980 975 1030 maris

166 1050 303 1102 dixerunt.
341 1051 453 1102 Flustra
468 1058 559 1102 motus
574 1051 658 1101 maris
674 1041 733 1102 s'ine
743 1057 910 1118 tempestate
922 1053 973 1105 llu-

166 1127 295 1177 ctuantis.
334 1124 454 1176 Naevius
463 1127 493 1176 in
503 1125 577 1176 bello
588 1125 710 1177 Poenico
723 1125 788 1188 (Ms.
800 1125 933 1192 Pontico)
946 1129 973 1178 in

165 1201 346 1268 inscriptione
358 1200 433 1269 qnod
444 1201 492 1264 ait,

241 1273 409 1327 Hanerdriae
419 1273 548 1327 lanistae
558 1275 667 1328 stabant
675 1275 826 1345 inflantis,

167 1356 199 1402 ut
208 1350 233 1400 si
243 1349 385 1402 diceretis
395 1351 448 1402 sala
458 1350 525 1413 (llis.
538 1352 616 1414 sala).
653 1351 744 1404 Moles
759 1364 829 1418 quaa
844 1351 972 1403 eminent

168 1430 196 1478 et
205 1430 372 1492 procurrunt
381 1426 460 1488 asari,
473 1425 506 1477 de
518 1426 618 1492 quihus
628 1423 765 1477 Pacuvius
778 1423 846 1488 (ivis.
857 1422 970 1478 Fanen-

169 1499 229 1564 la'ns)
243 1500 290 1563 ait,

205 1601 243 1612 —
253 1589 340 1625 omnes
350 1572 464 1625 latebras
474 1573 593 1627 sullaeta
603 1574 668 1626 anile
678 1572 814 1626 abstractis
823 1573 905 1625 linas.

169 1650 273 1700 Caecus
284 1647 382 1699 flnctus
393 1654 496 1713 tamen,
518 1652 634 1702 necdum
644 1656 735 1702 tamen
747 1664 844 1714 canus,
866 1649 899 1701 de
911 1666 966 1720 quo

169 1726 232 1774 Atta
244 1723 310 1786 (Ms.
322 1727 396 1788 anta)
408 1724 438 1775 in
447 1729 545 1792 togata
556 1726 597 1777 sic
608 1725 660 1776 ait:

186 1827 223 1836 -
232 1825 270 1836 -
280 1796 487 1868 Papulaflulctns
498 1797 760 1870 caecasfaica'antper
770 1797 927 1851 discindiam
933 1818 946 1862 ;

167 1880 197 1925 et
207 1874 343 1940 Augustus
355 1874 407 1924 ait:
427 1890 474 1925 aas
484 1874 599 1926 venimus
609 1871 746 1940 Neapolim
750 1911 759 1938 ‚
763 1872 853 1944 stacta
862 1875 964 1941 quidem

169 1965 254 2000 caeco.
275 1946 364 2012 Liuia,
377 1949 508 2017 quicquid
521 1966 592 2017 aqna
604 1950 727 2003 alluitur.
750 1948 865 2001 Flumen
876 1953 962 2002 ansuis

110 2061 112 2064 .
167 2021 279 2086 humor,
297 2023 345 2089 qui
354 2023 398 2074 vel
408 2024 516 2074 modice
527 2024 595 2076 fluit.
635 2024 756 2077 Torrens
766 2023 878 2089 fluvius,
889 2027 961 2093 quia

169 2098 263 2165 pluvia
275 2098 384 2161 crescit,
402 2099 527 2150 siccitate
537 2100 678 2164 torrescit,
693 2099 787 2162 idest,
803 2101 913 2164 arescit,
928 2102 960 2152 de

169 2187 223 2238 quo
236 2171 372 2222 Pacuvius
384 2173 431 2237 ait,

242 2243 377 2296 Flammea
387 2248 483 2314 capara
494 2256 596 2300 torrem
607 2247 699 2301 terret.
716 2276 754 2286 -
762 2275 801 2286 --

169 2322 248 2372 Ostia
259 2321 348 2372 exitus
359 2319 500 2373 fluminum
512 2324 541 2374 in
551 2339 635 2376 mare.
670 2323 748 2374 Tolli
758 2338 888 2390 aquarum
898 2341 955 2392 pra·

168 2397 268 2458 iectus,
290 2394 385 2460 quales
396 2403 460 2448 sunt
470 2397 498 2447 in
508 2397 623 2462 Aniene,
641 2397 706 2462 (Ms.
719 2396 843 2464 ancienne)
854 2397 955 2451 llumlne

168 2483 251 2534 quam
262 2469 379 2520 maxime
391 2472 545 2538 praecipiti.

391 2673 394 2681 .
459 2679 470 2684 „
489 2660 670 2701 ...Ox0,.„„
