2036 3022
254 208 455 259 colonius.
491 209 570 256 cll).
589 211 705 258 34-37,
824 215 875 268 219

75 334 387 406 expavit,utdeponere
396 335 542 402 imperium
551 336 706 387 tentaverit.
738 337 874 404 Quodam,

73 419 106 463 ut
115 425 203 478 supra
213 410 308 473 retuli,
330 425 390 460 cum
404 409 478 464 ferro
496 411 569 462 circa
579 412 779 463 sacrificantem
790 429 819 464 se
831 415 874 465 de-

73 485 226 556 prehenso,
247 491 371 536 senatrrm
386 501 435 553 per
448 501 599 553 praecones
613 501 730 554 propere
741 503 875 539 convoca-

73 563 129 624 vit;
150 561 326 627 lacrimisque
341 565 369 610 et
383 560 583 613 vociferatione
597 562 742 612 miseratus
757 568 799 612 est
810 579 873 614 con-

73 637 209 688 ditionem
225 650 316 700 suam,
338 636 383 685 cui
396 633 467 686 nihil
481 637 535 687 tuti
549 651 664 705 usquam
676 642 761 699 esset3
782 652 815 688 ac
826 638 873 688 diu

72 711 189 780 publico
201 711 342 761 abstinuit.
381 709 560 761 Messallinae
571 727 681 780 quoquc
691 727 812 763 amorem
823 712 871 762 ila-

74 786 294 855 grantissimum,
314 790 440 835 nontam
454 785 619 853 indignitate
634 787 870 852 contumeliarum,

75 875 160 930 quam
170 859 287 929 periculi
297 865 379 923 mem,
391 860 501 925 abiecit,
513 876 595 929 quum
607 861 732 912 adultero
745 862 815 914 Silio
827 879 871 926 ac-

75 937 151 1005 quiri
163 935 308 1003 imperium
324 933 498 986 credidisset:
518 951 572 1004 quo
587 942 710 1002 tempore
721 936 831 988 foedum
842 939 871 990 in

75 1011 188 1063 niodum
204 1010 327 1077 trepidus
343 1010 378 1060 ad
394 1015 485 1064 castra
501 1009 637 1076 confugit,
658 1009 728 1060 nihil
741 1016 802 1061 tota
817 1014 871 1076 via,

25 1105 29 1114 ¹
77 1101 169 1155 quam,
181 1091 286 1136 essetne
297 1084 352 1134 sibi
362 1085 467 1135 salvum
477 1085 631 1152 imperium,
642 1085 792 1151 requirens.

132 1159 273 1211 XXXVll.
285 1159 370 1210 Nulla
381 1159 450 1211 adeo
462 1159 594 1226 suspicio,
605 1159 697 1210 nullus
708 1165 871 1212 auctoriam

75 1237 144 1288 levis
155 1235 274 1298 exstitit,
295 1250 312 1284 a
323 1248 377 1300 quc
388 1250 456 1298 non,
476 1234 610 1286 mediocri
621 1235 749 1302 scrupulo
760 1235 872 1300 iniecto,

75 1311 111 1362 ad
123 1309 274 1363 cavendum
283 1309 524 1376 ulciscendumque
540 1309 757 1376 compelleretur.
797 1311 872 1362 Unus

74 1402 108 1438 cx
119 1385 309 1452 litigatoribus
319 1384 433 1436 seducto
443 1384 472 1434 in
483 1383 651 1435 salutatione
662 1385 821 1450 affirmavit,
832 1387 871 1436 vi-

73 1463 149 1514 disse
169 1475 267 1528 seper
287 1459 417 1527 quietem,
439 1458 606 1510 occidieum
621 1475 638 1510 a
653 1459 787 1527 quodam:
808 1461 871 1512 dein

72 1536 171 1604 paullo
182 1539 259 1602 post,
271 1535 352 1602 qnasi
361 1549 550 1601 percussorem
561 1540 735 1601 agnosceret,
747 1534 870 1587 libellum

72 1610 228 1662 tradentem
244 1609 431 1660 adversarium
447 1625 525 1660 suum
547 1609 758 1672 demonstravit;
780 1610 871 1662 conlc-

74 1687 195 1754 stimque
214 1685 239 1734 is
260 1699 310 1752 pro
332 1683 500 1751 deprehenso
522 1685 556 1734 ad
577 1700 694 1752 poenam
709 1691 804 1752 raptus
820 1693 870 1738 est.

74 1761 142 1812 Pari
153 1759 236 1811 modo
248 1773 408 1826 oppressum
418 1757 631 1825 ieruntAppium
642 1759 779 1810 Silanum:
791 1778 870 1830 quem

74 1851 159 1904 quum
164 1834 327 1886 Messallina
337 1840 365 1885 et
374 1833 522 1884 Narcissus
533 1835 738 1900 conspirassent
747 1836 869 1900 perdere,

73 1911 173 1962 divisis
191 1910 331 1978 partibus,
352 1909 422 1959 alter
443 1913 505 1959 aute
524 1907 613 1958 lucem
627 1907 725 1958 similis
742 1911 870 1973 attonito,

72 1986 186 2054 patroni
207 1983 361 2036 cubiculum
377 1983 490 2049 irrupit,
511 1983 651 2033 affirmans
665 1983 817 2034 somniasse
832 2000 870 2047 se,

72 2063 128 2112 vim
145 2060 172 2112 ei
186 2059 221 2110 ab
235 2059 325 2127 Appio
344 2059 464 2109 illatam:
488 2057 589 2120 altera,
610 2057 639 2108 in
659 2057 870 2110 admirationem

72 2136 207 2198 formata,
229 2135 284 2186 sibi
305 2149 414 2202 quoque
429 2133 542 2184 eandem
558 2133 676 2200 speciem
693 2131 869 2200 aliquotiens

71 2211 202 2262 noctibus
214 2209 356 2260 obversari
366 2208 468 2260 retulit.
507 2207 565 2260 Nec
579 2208 666 2259 multo
678 2215 742 2274 post
752 2223 785 2260 er
797 2225 869 2260 com-

70 2287 166 2354 posito
177 2285 329 2352 irumspere
338 2283 443 2350 lippias
453 2283 612 2348 nunciatum,
625 2284 669 2335 cui
679 2283 781 2351 pridie,
794 2285 869 2334 adid

70 2360 206 2428 temporis
219 2364 251 2409 ut
266 2358 387 2422 adesset,
408 2364 583 2426 praeceptum
598 2365 669 2422 erat,
692 2359 774 2427 quasi
787 2357 868 2425 plane

72 2439 326 2503 repraesentaretur
334 2433 436 2484 somnii
446 2433 525 2498 fides,
537 2435 640 2485 arcessi
650 2434 743 2485 statim
755 2447 787 2482 ac
797 2433 869 2483 mori

70 2511 164 2561 iussus
178 2514 229 2560 est.
268 2507 326 2560 Nec
340 2509 476 2559 dubitavit
490 2514 602 2577 postero
618 2509 662 2559 die
677 2507 809 2557 Claudius
825 2522 868 2558 or-

71 2585 163 2638 dinem
174 2585 216 2636 rei
225 2588 320 2652 gestae
329 2583 450 2654 perferre
461 2583 496 2632 ad
506 2589 638 2646 senatum,
651 2597 684 2632 ac
694 2581 794 2631 liberto
806 2597 867 2648 gra-

68 2662 124 2713 tias
140 2675 236 2728 agere,
257 2660 332 2728 quod
346 2675 397 2727 pro
413 2657 502 2710 salute
517 2674 568 2709 sua
579 2658 662 2710 etiam
674 2655 813 2706 dormiens
822 2671 867 2706 ex-

70 2737 194 2794 suomet.
