2050 3034
25 285 28 292 .
107 245 157 300 1⁷8
384 212 621 298 esunro'nu
667 290 669 296 .

108 371 299 440 exquisiturum
309 389 336 425 ee
345 371 505 442 nelfidicnlie
517 373 555 426 de
559 371 688 426 Caesonia
701 389 762 436 tna,
782 359 832 426 ent
847 388 907 426 eane

108 457 182 501 tanto
192 465 268 516 opere
278 448 408 537 diligeret.

163 523 289 576 XXXIV.
300 523 359 576 Nec
369 525 475 575 minore
485 523 571 574 livore
583 538 616 574 ac
625 505 807 592 malignitate,
821 541 908 594 quam

107 600 236 666 superbia
247 599 430 666 saevitiaque,
441 613 527 666 paene
539 599 669 650 adversus
681 601 770 651 omnis
782 615 845 652 aevr
836 599 907 652 ho-

106 675 192 726 mines
202 680 344 741 grassatus
355 679 405 724 est.
445 671 557 725 Statuas
573 674 694 724 virorum
705 673 856 725 illustrium
868 676 905 726 ab

105 750 227 816 Augusto
240 748 437 814 excapitolina
449 764 513 800 area
523 750 784 816 propterangustias
793 749 905 800 inMar-

104 825 173 873 tium
189 839 313 890 campum
330 822 460 887 collatas,
481 824 523 874 ita
538 825 670 875 subvertit
685 830 767 891 atque
783 823 904 888 disiecit,

104 905 136 949 ut
149 899 260 949 restitui
278 897 362 948 salvis
383 897 471 949 titulis
492 913 547 950 non
567 899 713 950 valuerint.
751 897 905 969 Vetuitque

104 971 220 1040 posthac
225 975 373 1025 viventium
385 973 512 1041 cuiquam
522 989 638 1043 usquam
649 979 768 1026 statuam
776 980 824 1024 aut
833 977 904 1026 ima-

105 1051 207 1114 ginem,
222 1050 278 1100 nisi
288 1066 317 1100 se
329 1049 454 1100 consulto
467 1055 494 1100 et
504 1055 629 1112 auctore,
646 1049 721 1117 poni.
762 1048 906 1116 Cogitavit

105 1125 187 1175 etiam
209 1123 242 1175 de
256 1125 373 1176 Homeri
393 1123 559 1175 carminibus
583 1123 740 1185 abolendis3
767 1140 814 1175 cnr
834 1124 905 1176 enirn

105 1199 216 1250 sibinen
226 1199 315 1262 licere,
333 1199 438 1262 dicens,
451 1199 521 1264 quod
529 1197 640 1250 Platoni
648 1197 774 1260 licuisset,
788 1198 835 1264 qni
845 1215 905 1250 eum

105 1273 243 1337 comitate,
257 1291 335 1341 qnam
345 1272 528 1334 constituebat,
541 1272 663 1325 eiecerit?
687 1272 741 1325 sea
753 1279 780 1323 et
790 1273 905 1341 Virgilii

105 1355 132 1400 et
141 1349 199 1399 Titi
204 1349 279 1400 Livii
289 1351 392 1415 scripta
402 1354 430 1399 et
437 1348 580 1416 imagines,
591 1347 714 1415 paullum
727 1347 825 1413 abfuit,
837 1349 905 1415 quin

105 1439 138 1474 ex
150 1425 276 1474 omnibus
286 1421 462 1475 bibliothecis
478 1424 624 1475 amoverit·
646 1440 763 1490 quorum
776 1423 901 1488 alterum,

104 1504 135 1548 ut
148 1499 276 1548 nullius
268 1498 373 1566 mgenii
391 1497 574 1567 minimaeque
593 1497 749 1560 doctrinae3
774 1498 901 1562 alterum,

103 1579 134 1623 ut
153 1575 326 1625 verbosum'
318 1589 347 1623 m
367 1570 485 1623 historia
504 1573 739 1640 negligentemque
760 1565 901 1642 carpebat.

103 1647 174 1698 De
165 1649 234 1698 ruris
255 1663 363 1714 quoque
385 1645 530 1710 consultis,
553 1649 633 1714 quasi
653 1648 784 1699 scientiae
805 1665 902 1699 eorum

105 1737 211 1772 omnem
222 1738 301 1771 usum
313 1721 480 1785 aboliturus,
496 1737 577 1788 saepe
586 1723 714 1787 iactavit,
736 1739 762 1774 se
773 1721 901 1774 trreherele

104 1795 269 1864 fflectnrntn,
281 1813 313 1848 ne
324 1791 370 1863 q'ni
378 1796 532 1862 respondere
538 1796 643 1864 possint
647 1806 757 1864 praeter
767 1814 834 1848 enm

159 1871 272 1922 XXXV.
292 1871 394 1923 Vetera
408 1870 576 1922 familiarum
590 1872 709 1939 insignia
724 1873 899 1924 nobilissimo

104 1949 201 2016 cuique
212 1947 327 1998 ademit:
348 1948 492 2014 Torquato
507 1953 646 2014 torquem3
668 1947 832 1999 Cincinnato
849 1950 899 1998 cri-

102 2039 176 2086 nem3
198 2025 245 2073 Cn.
261 2021 395 2090 Pompeio
412 2021 505 2088 stirpis
521 2023 666 2088 antiquae,
684 2021 782 2089 Magni
798 2038 899 2090 eogno-

102 2115 172 2147 men.
212 2097 411 2160 Ptolemaeum,
434 2097 532 2164 dequo
548 2096 644 2160 retuli,
666 2095 693 2148 et
708 2099 898 2148 accersitume

102 2187 186 2236 regno
199 2179 225 2221 et
236 2178 377 2237 exceptum
389 2170 548 2233 honorilice,
556 2187 611 2221 uon
623 2171 679 2221 alia
691 2187 775 2240 causa
786 2181 896 2239 repente

101 2250 248 2312 percussit,
270 2262 350 2312 quarn
362 2245 448 2312 quod,
470 2243 565 2296 edente
576 2262 604 2297 se
615 2263 726 2309 munus,
743 2247 896 2314 ingressum

101 2319 266 2388 spectacula,
279 2321 445 2371 convertisse
456 2317 596 2372 hominum
607 2321 704 2373 oculos
714 2321 824 2388 fulgore
833 2339 895 2390 pur-

7 2459 8 2468 *
100 2412 203 2462 pureae
215 2394 324 2446 abollae
336 2395 538 2446 animadvertit·
576 2395 711 2448 Pulchros
722 2403 749 2448 et
760 2405 893 2460 consutos,

102 2473 210 2536 quoties
221 2471 276 2522 sihi
286 2475 470 2532 occurrerent,
494 2472 624 2538 occipitio
639 2486 703 2522 raso
720 2471 893 2539 deturpabat.

7 2599 8 2604 η
100 2545 169 2597 Erat
179 2547 260 2596 Esius
271 2545 405 2598 Proculus
416 2551 493 2612 patre
504 2544 681 2614 primipilari,
704 2547 739 2598 ob
755 2548 894 2614 egregiam

7 2611 8 2656 Τ
101 2622 226 2687 corporis
241 2621 448 2688 amplitudinem
463 2626 490 2672 et
503 2622 621 2689 speciem
633 2619 779 2672 Colonerot
794 2621 902 2678 dictus..

7 2745 8 2754 χ
99 2692 181 2745 Hunc
200 2697 365 2762 spernaculis
386 2697 538 2748 detractum
552 2701 675 2764 repente,
696 2696 767 2750 etin
781 2711 893 2754 arenam

7 2755 11 2838 ff
100 2765 257 2836 deductum,
278 2769 381 2824 Thraci
397 2778 424 2824 et
438 2786 502 2824 mox
513 2768 695 2840 hoplomacho
708 2773 903 2842 scorpaena.
