2036 3022
347 217 457 269 NERO.
494 217 573 268 CAP.
592 221 632 268 39.
649 221 689 268 4⁰.
863 215 914 272 2⁵8

118 351 246 402 dammim
255 353 336 414 gestu
344 353 462 402 notaret.
501 347 673 398 Histrionem
683 351 710 396 et
719 343 914 412 philosophum

116 420 275 478 Neronihil
285 423 416 490 amplius,
438 437 519 490 quam
529 423 602 474 Urbe
611 420 747 490 Italiaque
757 421 914 485 summovit,
954 481 957 491 V

118 498 163 550 vel
174 503 331 565 contemptu
341 499 429 550 omnis
438 497 582 562 infamiae,
603 497 647 550 vel
660 513 694 548 ne
707 496 820 549 fatendo
836 495 914 548 dolo·

116 589 176 628 rem
185 573 308 624 irritaret
317 573 436 641 ingenia.

175 647 236 700 XL.
257 647 354 700 Talem
367 649 519 716 principem
533 648 628 716 paullo
643 639 733 700 minus
748 646 913 717 quatuorde-

118 725 174 776 cim
185 738 273 776 aanor
282 739 427 792 perpessus
436 730 571 776 terrarum
577 724 653 776 orbis
663 725 773 776 tandem
779 723 913 786 destituit,

116 799 229 852 initium
243 797 408 850 facientibus
425 797 527 863 Gallis,
548 799 616 851 duce
630 799 700 851 lullo
716 797 845 861 Vindice,
867 798 915 868 qul

117 886 177 926 tum
188 889 248 926 eam
259 873 429 940 provinciam
439 889 489 941 pro
504 880 632 940 praetore
643 875 793 926 obtinebat.
832 873 914 926 Prae·

118 950 223 1000 dictum
244 963 261 1000 a
280 947 481 1000 mathematicis
501 948 606 1001 Neroni
626 949 692 1000 olim
713 955 784 1012 erat,
804 948 864 1001 fare
884 954 915 1000 ut

118 1023 286 1091 quandoque
296 1024 501 1076 destituerenm:
521 1023 593 1075 unde
602 1022 653 1074 illa
663 1038 717 1076 vox
728 1023 786 1074 eius
798 1024 914 1076 celeber·

117 1100 202 1162 rinna,
223 1095 253 1146 τὸ
264 1097 364 1159 τεχνίον
374 1096 631 1164 misopotamiam·
653 1114 707 1168 quc
722 1098 827 1150 maiore
841 1097 915 1148 scili·

119 1179 164 1226 cet
173 1174 255 1226 venia
264 1174 443 1226 meditaretur
454 1171 669 1226 citharoedicam
681 1179 780 1237 artem,
796 1172 915 1240 principi

116 1250 174 1302 sibi
193 1257 314 1316 gratam,
338 1250 447 1316 privato
470 1250 663 1302 necessariam.
703 1247 916 1315 spoponderant

116 1331 211 1376 tamen
222 1324 334 1392 qnidam
345 1324 477 1376 destituto
484 1325 605 1377 Orientis
616 1323 841 1386 dominationem,
847 1337 914 1372 non-

117 1399 191 1451 nulli
210 1399 372 1450 nominatim
392 1415 505 1466 regnum
525 1400 798 1466 Hierosolymorum,
824 1397 915 1465 plures

118 1476 210 1527 omnis
229 1475 363 1543 pristinae
382 1473 511 1526 fortunae
530 1475 747 1528 restitutionem.»
782 1474 834 1524 Cui
857 1472 917 1541 spei

62 1600 66 1606 ,
116 1549 247 1619 pronior,
267 1549 413 1602 Britannia
428 1551 611 1620 Armeniaque
632 1551 746 1614 amissa,
769 1563 802 1600 ac
821 1562 915 1600 rursus

116 1632 236 1692 utraque
246 1631 369 1692 recepta,
381 1625 537 1677 defunctum
549 1641 579 1678 se
588 1625 721 1678 fatalibus
731 1623 812 1676 malis
823 1622 916 1675 existi·

116 1701 222 1754 mahat.
261 1701 297 1752 Ut
306 1715 380 1764 varo,
393 1701 518 1752 consirlto
530 1699 645 1768 Delphis
655 1701 796 1768 Apolline,
807 1705 915 1767 septua-

116 1776 252 1843 gesimum
268 1791 301 1827 ac
313 1775 425 1828 tertium
440 1790 541 1828 annum
556 1775 705 1828 cavendum
726 1776 781 1826 sihi
800 1773 915 1836 audivit,

118 1851 201 1919 qnasi
210 1866 244 1902 eo
256 1850 364 1902 demum
375 1851 514 1914 obiturus,
536 1865 569 1902 ac
578 1850 648 1902 nihil
659 1851 816 1902 coniectans
827 1848 860 1900 de
871 1863 915 1898 ae-

117 1931 176 1977 tate
189 1924 307 1990 Galbae,
327 1931 406 1980 tanta
420 1925 523 1978 fiducia
536 1940 592 1978 non
602 1925 685 1976 modo
697 1930 846 1986 senectam,
867 1921 915 1972 sed

118 2001 202 2052 etiam
213 2007 373 2068 perpetuam
384 2001 604 2069 singularemque
616 1997 914 2066 concepitielicitatem,

117 2082 159 2140 ut,
171 2077 281 2128 arnissis
290 2076 437 2144 naufragio
448 2076 656 2144 pretiosissimis
667 2076 760 2137 rebus,
771 2089 826 2125 non
838 2072 916 2125 dubi-

120 2152 221 2204 taverit
238 2153 311 2204 inter
331 2167 397 2202 suos
417 2153 521 2215 dicere,
538 2151 624 2218 pisces
645 2167 688 2203 aas
708 2149 760 2202 sihi
776 2150 914 2202 relaturos.

120 2226 241 2295 Neapoli
255 2227 289 2278 de
305 2233 384 2278 motu
399 2225 553 2278 Galliarum
568 2228 698 2294 cognovit
712 2225 756 2278 die
769 2227 845 2292 ipso,
861 2238 916 2292 quo

120 2309 235 2354 matrem
248 2301 401 2366 occiderat,
423 2297 547 2370 adeoque
558 2302 630 2355 lente
641 2318 673 2354 ac
684 2317 779 2354 secure
788 2300 865 2362 tulit,
886 2303 918 2348 ut

120 2377 267 2444 gaudentis
277 2378 360 2428 etiam
371 2377 555 2445 suspicionem
566 2378 718 2444 praeberet,
729 2382 861 2441 tanquam
872 2388 916 2425 oc·

122 2453 235 2504 casione
248 2458 315 2502 nata
329 2450 535 2520 spoliandarum
549 2453 609 2504 iure
620 2453 687 2504 belli
697 2449 916 2518 opulentissima-

119 2542 182 2578 rum
196 2526 410 2594 provinciarom.
449 2525 602 2595 Statimque
616 2528 645 2578 in
665 2526 838 2593 gymnasium
852 2539 915 2590 prc-

120 2617 241 2670 gressus,
253 2607 388 2659 certantes
400 2599 517 2654 athletas
528 2601 695 2654 effusissimo
706 2600 798 2652 studio
810 2606 915 2667 specta-

120 2679 169 2730 vit.
210 2678 319 2730 (leenae
337 2693 447 2749 qaoque
464 2683 587 2742 tempore
605 2675 797 2744 interpellatus
816 2674 915 2727 tumari-

122 2754 295 2812 taosloribus
305 2754 402 2822 literis,
413 2751 543 2808 hactenus
554 2752 709 2822 excanduit,
720 2758 750 2804 ut
759 2749 861 2806 nsalum
869 2751 916 2820 iis,
