<?xml version="1.0" encoding="UTF-8"?>
<!DOCTYPE html PUBLIC "-//W3C//DTD XHTML 1.0 Transitional//EN"
    "http://www.w3.org/TR/xhtml1/DTD/xhtml1-transitional.dtd">
<html xmlns="http://www.w3.org/1999/xhtml" xml:lang="en" lang="en">
 <head>
  <title>
</title>
<meta http-equiv="Content-Type" content="text/html;charset=utf-8" />
  <meta name='ocr-system' content='tesseract 3.04.00' />
  <meta name='ocr-capabilities' content='ocr_page ocr_carea ocr_par ocr_line ocrx_word'/>
</head>
<body>
  <div class='ocr_page' id='page_1' title='image "./csuetoniitranqu05suetgoog_0361.png"; bbox 0 0 2044 3028; ppageno 0'>
   <div class='ocr_carea' id='block_1_1' title="bbox 196 224 858 284">
    <p class='ocr_par' dir='ltr' id='par_1_1' title="bbox 196 224 858 284">
     <span class='ocr_line' id='line_1_1' title="bbox 196 224 858 284; baseline -0.003 -2"><span class='ocrx_word' id='word_1_1' title='bbox 196 228 242 282; x_wconf 82' lang='lat' dir='ltr'>bn</span> <span class='ocrx_word' id='word_1_2' title='bbox 260 233 473 284; x_wconf 72' lang='lat' dir='ltr'>manaremus</span> <span class='ocrx_word' id='word_1_3' title='bbox 492 231 730 281; x_wconf 76' lang='lat' dir='ltr'>cenmunrrcrs.</span> <span class='ocrx_word' id='word_1_4' title='bbox 809 224 858 282; x_wconf 72' lang='grc'>351</span> 
     </span>
    </p>
   </div>
   <div class='ocr_carea' id='block_1_2' title="bbox 58 355 925 1714">
    <p class='ocr_par' dir='ltr' id='par_1_2' title="bbox 58 355 925 957">
     <span class='ocr_line' id='line_1_2' title="bbox 58 355 925 430; baseline -0.009 -14"><span class='ocrx_word' id='word_1_5' title='bbox 58 377 123 416; x_wconf 87' lang='lat' dir='ltr'>nem</span> <span class='ocrx_word' id='word_1_6' title='bbox 138 367 309 430; x_wconf 88' lang='lat' dir='ltr'>mortemque</span> <span class='ocrx_word' id='word_1_7' title='bbox 325 361 412 426; x_wconf 88' lang='lat' dir='ltr'>Galli,</span> <span class='ocrx_word' id='word_1_8' title='bbox 429 360 552 413; x_wconf 89' lang='lat' dir='ltr'>scholam</span> <span class='ocrx_word' id='word_1_9' title='bbox 568 360 694 430; x_wconf 87' lang='lat' dir='ltr'>aperuit:</span> <span class='ocrx_word' id='word_1_10' title='bbox 715 356 764 410; x_wconf 88' lang='lat' dir='ltr'>sed</span> <span class='ocrx_word' id='word_1_11' title='bbox 777 357 818 408; x_wconf 84' lang='lat' dir='ltr'>ita</span> <span class='ocrx_word' id='word_1_12' title='bbox 828 364 859 409; x_wconf 88' lang='lat' dir='ltr'>ut</span> <span class='ocrx_word' id='word_1_13' title='bbox 922 355 925 362; x_wconf 79' lang='grc'><em>’</em></span> 
     </span>
     <span class='ocr_line' id='line_1_3' title="bbox 59 437 858 506; baseline -0.006 -17"><span class='ocrx_word' id='word_1_14' title='bbox 59 439 171 506; x_wconf 78' lang='lat' dir='ltr'>paucis,</span> <span class='ocrx_word' id='word_1_15' title='bbox 183 444 211 490; x_wconf 90' lang='lat' dir='ltr'>et</span> <span class='ocrx_word' id='word_1_16' title='bbox 220 444 326 488; x_wconf 87' lang='lat' dir='ltr'>tantum</span> <span class='ocrx_word' id='word_1_17' title='bbox 339 438 572 500; x_wconf 72' lang='lat' dir='ltr'>adolescentibus,</span> <span class='ocrx_word' id='word_1_18' title='bbox 583 437 768 504; x_wconf 85' lang='lat' dir='ltr'>praeciperet,</span> <span class='ocrx_word' id='word_1_19' title='bbox 780 449 858 500; x_wconf 89' lang='lat' dir='ltr'>prae-</span> 
     </span>
     <span class='ocr_line' id='line_1_4' title="bbox 58 509 858 580; baseline -0.009 -15"><span class='ocrx_word' id='word_1_20' title='bbox 58 519 165 566; x_wconf 81' lang='lat' dir='ltr'>textato</span> <span class='ocrx_word' id='word_1_21' title='bbox 186 514 300 580; x_wconf 89' lang='lat' dir='ltr'>nemini,</span> <span class='ocrx_word' id='word_1_22' title='bbox 321 513 376 564; x_wconf 84' lang='lat' dir='ltr'>nisi</span> <span class='ocrx_word' id='word_1_23' title='bbox 395 514 421 564; x_wconf 84' lang='lat' dir='ltr'>si</span> <span class='ocrx_word' id='word_1_24' title='bbox 440 514 517 564; x_wconf 87' lang='lat' dir='ltr'>cuius</span> <span class='ocrx_word' id='word_1_25' title='bbox 537 512 646 579; x_wconf 90' lang='lat' dir='ltr'>parenti</span> <span class='ocrx_word' id='word_1_26' title='bbox 664 509 717 562; x_wconf 89' lang='lat' dir='ltr'>hoe</span> <span class='ocrx_word' id='word_1_27' title='bbox 739 509 858 560; x_wconf 89' lang='lat' dir='ltr'>officium</span> 
     </span>
     <span class='ocr_line' id='line_1_5' title="bbox 60 586 856 656; baseline -0.008 -16"><span class='ocrx_word' id='word_1_28' title='bbox 60 604 162 656; x_wconf 87' lang='lat' dir='ltr'>negare</span> <span class='ocrx_word' id='word_1_29' title='bbox 176 605 233 640; x_wconf 91' lang='lat' dir='ltr'>non</span> <span class='ocrx_word' id='word_1_30' title='bbox 247 595 349 656; x_wconf 88' lang='lat' dir='ltr'>posset.</span> <span class='ocrx_word' id='word_1_31' title='bbox 388 587 496 639; x_wconf 77' lang='lat' dir='ltr'>Primus</span> <span class='ocrx_word' id='word_1_32' title='bbox 512 589 614 639; x_wconf 86' lang='lat' dir='ltr'>dicitur</span> <span class='ocrx_word' id='word_1_33' title='bbox 628 586 727 637; x_wconf 81' lang='lat' dir='ltr'>Latine</span> <span class='ocrx_word' id='word_1_34' title='bbox 743 600 776 636; x_wconf 85' lang='lat' dir='ltr'>ex</span> <span class='ocrx_word' id='word_1_35' title='bbox 790 591 856 635; x_wconf 88' lang='lat' dir='ltr'>tem·</span> 
     </span>
     <span class='ocr_line' id='line_1_6' title="bbox 60 661 856 732; baseline -0.008 -16"><span class='ocrx_word' id='word_1_36' title='bbox 60 680 129 732; x_wconf 89' lang='lat' dir='ltr'>porc</span> <span class='ocrx_word' id='word_1_37' title='bbox 141 665 310 730; x_wconf 84' lang='lat' dir='ltr'>disputasse,</span> <span class='ocrx_word' id='word_1_38' title='bbox 330 663 488 731; x_wconf 88' lang='lat' dir='ltr'>primusque</span> <span class='ocrx_word' id='word_1_39' title='bbox 501 663 649 731; x_wconf 83' lang='lat' dir='ltr'>Virgilium</span> <span class='ocrx_word' id='word_1_40' title='bbox 665 669 692 713; x_wconf 89' lang='lat' dir='ltr'>et</span> <span class='ocrx_word' id='word_1_41' title='bbox 707 661 778 712; x_wconf 84' lang='lat' dir='ltr'>alios</span> <span class='ocrx_word' id='word_1_42' title='bbox 793 675 856 728; x_wconf 89' lang='lat' dir='ltr'>poe-</span> 
     </span>
     <span class='ocr_line' id='line_1_7' title="bbox 59 735 856 808; baseline -0.006 -18"><span class='ocrx_word' id='word_1_43' title='bbox 59 748 104 790; x_wconf 85' lang='lat' dir='ltr'>tas</span> <span class='ocrx_word' id='word_1_44' title='bbox 116 737 231 808; x_wconf 83' lang='lat' dir='ltr'>[novos]</span> <span class='ocrx_word' id='word_1_45' title='bbox 248 739 406 806; x_wconf 84' lang='lat' dir='ltr'>praelegere</span> <span class='ocrx_word' id='word_1_46' title='bbox 416 739 540 806; x_wconf 82' lang='lat' dir='ltr'>coepisse</span> <span class='ocrx_word' id='word_1_47' title='bbox 552 756 558 802; x_wconf 91' lang='lat'>;</span> <span class='ocrx_word' id='word_1_48' title='bbox 580 738 749 808; x_wconf 87' lang='lat' dir='ltr'>quodetiam</span> <span class='ocrx_word' id='word_1_49' title='bbox 760 735 856 788; x_wconf 88' lang='lat' dir='ltr'>Domi-</span> 
     </span>
     <span class='ocr_line' id='line_1_8' title="bbox 60 814 486 866; baseline -0.005 0"><span class='ocrx_word' id='word_1_50' title='bbox 60 816 94 866; x_wconf 84' lang='lat' dir='ltr'>tii</span> <span class='ocrx_word' id='word_1_51' title='bbox 102 815 193 866; x_wconf 86' lang='lat' dir='ltr'>Marsi</span> <span class='ocrx_word' id='word_1_52' title='bbox 202 814 353 865; x_wconf 82' lang='lat' dir='ltr'>versiculus</span> <span class='ocrx_word' id='word_1_53' title='bbox 363 814 469 866; x_wconf 86' lang='lat' dir='ltr'>indicat</span> <span class='ocrx_word' id='word_1_54' title='bbox 479 833 486 864; x_wconf 76' lang='grc' dir='ltr'><strong><em>ε</em></strong></span> 
     </span>
     <span class='ocr_line' id='line_1_9' title="bbox 133 888 677 957; baseline 0 -17"><span class='ocrx_word' id='word_1_55' title='bbox 133 889 262 957; x_wconf 81' lang='lat' dir='ltr'>Epirota,</span> <span class='ocrx_word' id='word_1_56' title='bbox 275 891 426 940; x_wconf 82' lang='lat' dir='ltr'>tenellnrem</span> <span class='ocrx_word' id='word_1_57' title='bbox 437 888 569 942; x_wconf 59' lang='lat' dir='ltr'>nutswda</span> <span class='ocrx_word' id='word_1_58' title='bbox 579 899 677 942; x_wconf 81' lang='lat' dir='ltr'>catum.</span> 
     </span>
    </p>

    <p class='ocr_par' dir='ltr' id='par_1_3' title="bbox 59 959 861 1714">
     <span class='ocr_line' id='line_1_10' title="bbox 115 959 858 1030; baseline -0.004 -13"><span class='ocrx_word' id='word_1_59' title='bbox 115 964 203 1017; x_wconf 89' lang='lat' dir='ltr'>XVll.</span> <span class='ocrx_word' id='word_1_60' title='bbox 232 964 362 1015; x_wconf 76' lang='lat' dir='ltr'>Vnumne</span> <span class='ocrx_word' id='word_1_61' title='bbox 383 965 531 1030; x_wconf 81' lang='lat' dir='ltr'>Fnsccus,</span> <span class='ocrx_word' id='word_1_62' title='bbox 555 965 714 1029; x_wconf 86' lang='lat' dir='ltr'>libertinus,</span> <span class='ocrx_word' id='word_1_63' title='bbox 740 959 858 1016; x_wconf 86' lang='lat' dir='ltr'>docendi</span> 
     </span>
     <span class='ocr_line' id='line_1_11' title="bbox 61 1039 860 1109; baseline -0.003 -19"><span class='ocrx_word' id='word_1_64' title='bbox 61 1056 160 1108; x_wconf 84' lang='lat' dir='ltr'>genere</span> <span class='ocrx_word' id='word_1_65' title='bbox 174 1040 292 1090; x_wconf 84' lang='lat' dir='ltr'>maxime</span> <span class='ocrx_word' id='word_1_66' title='bbox 306 1040 445 1092; x_wconf 88' lang='lat' dir='ltr'>inclaruit.</span> <span class='ocrx_word' id='word_1_67' title='bbox 484 1040 609 1109; x_wconf 84' lang='lat' dir='ltr'>Namque</span> <span class='ocrx_word' id='word_1_68' title='bbox 628 1041 662 1092; x_wconf 86' lang='lat' dir='ltr'>ad</span> <span class='ocrx_word' id='word_1_69' title='bbox 682 1039 860 1092; x_wconf 83' lang='lat' dir='ltr'>exercitanda</span> 
     </span>
     <span class='ocr_line' id='line_1_12' title="bbox 62 1115 858 1184; baseline -0.003 -17"><span class='ocrx_word' id='word_1_70' title='bbox 62 1115 224 1167; x_wconf 84' lang='lat' dir='ltr'>discentium</span> <span class='ocrx_word' id='word_1_71' title='bbox 237 1115 349 1181; x_wconf 87' lang='lat' dir='ltr'>ingenia</span> <span class='ocrx_word' id='word_1_72' title='bbox 364 1116 493 1184; x_wconf 82' lang='lat' dir='ltr'>aequales</span> <span class='ocrx_word' id='word_1_73' title='bbox 507 1117 578 1167; x_wconf 87' lang='lat' dir='ltr'>inter</span> <span class='ocrx_word' id='word_1_74' title='bbox 594 1133 623 1168; x_wconf 88' lang='lat' dir='ltr'>se</span> <span class='ocrx_word' id='word_1_75' title='bbox 634 1116 804 1168; x_wconf 80' lang='lat' dir='ltr'>committere</span> <span class='ocrx_word' id='word_1_76' title='bbox 815 1130 858 1166; x_wconf 89' lang='lat' dir='ltr'>so-</span> 
     </span>
     <span class='ocr_line' id='line_1_13' title="bbox 60 1191 859 1264; baseline -0.001 -22"><span class='ocrx_word' id='word_1_77' title='bbox 60 1191 144 1254; x_wconf 83' lang='lat' dir='ltr'>lebat,</span> <span class='ocrx_word' id='word_1_78' title='bbox 165 1191 311 1259; x_wconf 87' lang='lat' dir='ltr'>proposita</span> <span class='ocrx_word' id='word_1_79' title='bbox 331 1207 386 1243; x_wconf 89' lang='lat' dir='ltr'>non</span> <span class='ocrx_word' id='word_1_80' title='bbox 406 1193 496 1242; x_wconf 91' lang='lat' dir='ltr'>solum</span> <span class='ocrx_word' id='word_1_81' title='bbox 516 1194 645 1256; x_wconf 83' lang='lat' dir='ltr'>materia,</span> <span class='ocrx_word' id='word_1_82' title='bbox 662 1207 744 1264; x_wconf 83' lang='lat' dir='ltr'>quam</span> <span class='ocrx_word' id='word_1_83' title='bbox 759 1191 859 1242; x_wconf 87' lang='lat' dir='ltr'>scribe-</span> 
     </span>
     <span class='ocr_line' id='line_1_14' title="bbox 60 1265 861 1334; baseline 0 -18"><span class='ocrx_word' id='word_1_84' title='bbox 60 1272 133 1330; x_wconf 86' lang='lat' dir='ltr'>rent,</span> <span class='ocrx_word' id='word_1_85' title='bbox 149 1265 236 1316; x_wconf 84' lang='lat' dir='ltr'>sedet</span> <span class='ocrx_word' id='word_1_86' title='bbox 248 1267 385 1332; x_wconf 85' lang='lat' dir='ltr'>praemio,</span> <span class='ocrx_word' id='word_1_87' title='bbox 402 1267 476 1334; x_wconf 91' lang='lat' dir='ltr'>quod</span> <span class='ocrx_word' id='word_1_88' title='bbox 487 1267 577 1318; x_wconf 80' lang='lat' dir='ltr'>victor</span> <span class='ocrx_word' id='word_1_89' title='bbox 588 1267 716 1320; x_wconf 83' lang='lat' dir='ltr'>arrferret.</span> <span class='ocrx_word' id='word_1_90' title='bbox 755 1266 788 1317; x_wconf 87' lang='lat' dir='ltr'>ld</span> <span class='ocrx_word' id='word_1_91' title='bbox 800 1272 861 1317; x_wconf 82' lang='lat' dir='ltr'>erat</span> 
     </span>
     <span class='ocr_line' id='line_1_15' title="bbox 60 1339 860 1410; baseline 0 -18"><span class='ocrx_word' id='word_1_92' title='bbox 60 1342 132 1392; x_wconf 87' lang='lat' dir='ltr'>liber</span> <span class='ocrx_word' id='word_1_93' title='bbox 147 1341 249 1408; x_wconf 85' lang='lat' dir='ltr'>aliquis</span> <span class='ocrx_word' id='word_1_94' title='bbox 264 1341 405 1408; x_wconf 84' lang='lat' dir='ltr'>antiquus,</span> <span class='ocrx_word' id='word_1_95' title='bbox 427 1339 539 1410; x_wconf 84' lang='lat' dir='ltr'>pulcher</span> <span class='ocrx_word' id='word_1_96' title='bbox 560 1349 608 1393; x_wconf 88' lang='lat' dir='ltr'>aut</span> <span class='ocrx_word' id='word_1_97' title='bbox 627 1344 727 1394; x_wconf 86' lang='lat' dir='ltr'>rarior.</span> <span class='ocrx_word' id='word_1_98' title='bbox 769 1342 860 1403; x_wconf 73' lang='lat' dir='ltr'>Quare</span> 
     </span>
     <span class='ocr_line' id='line_1_16' title="bbox 62 1409 859 1486; baseline -0.001 -18"><span class='ocrx_word' id='word_1_99' title='bbox 62 1418 96 1468; x_wconf 86' lang='lat' dir='ltr'>ab</span> <span class='ocrx_word' id='word_1_100' title='bbox 111 1417 235 1483; x_wconf 82' lang='lat' dir='ltr'>Augusto</span> <span class='ocrx_word' id='word_1_101' title='bbox 252 1432 361 1484; x_wconf 90' lang='lat' dir='ltr'>quoque</span> <span class='ocrx_word' id='word_1_102' title='bbox 376 1417 523 1483; x_wconf 88' lang='lat' dir='ltr'>nepotibus</span> <span class='ocrx_word' id='word_1_103' title='bbox 544 1418 602 1468; x_wconf 87' lang='lat' dir='ltr'>eius</span> <span class='ocrx_word' id='word_1_104' title='bbox 622 1425 787 1486; x_wconf 86' lang='lat' dir='ltr'>praeceptor</span> <span class='ocrx_word' id='word_1_105' title='bbox 807 1409 859 1468; x_wconf 80' lang='lat' dir='ltr'>ele-</span> 
     </span>
     <span class='ocr_line' id='line_1_17' title="bbox 61 1491 860 1562; baseline -0.004 -19"><span class='ocrx_word' id='word_1_106' title='bbox 61 1500 121 1544; x_wconf 87' lang='lat' dir='ltr'>ctus</span> <span class='ocrx_word' id='word_1_107' title='bbox 127 1529 135 1556; x_wconf 90' lang='lat'>,</span> <span class='ocrx_word' id='word_1_108' title='bbox 146 1493 259 1542; x_wconf 83' lang='lat' dir='ltr'>transiit</span> <span class='ocrx_word' id='word_1_109' title='bbox 272 1493 302 1542; x_wconf 90' lang='lat' dir='ltr'>iu</span> <span class='ocrx_word' id='word_1_110' title='bbox 312 1491 450 1542; x_wconf 88' lang='lat' dir='ltr'>Palatium</span> <span class='ocrx_word' id='word_1_111' title='bbox 462 1507 522 1543; x_wconf 86' lang='lat' dir='ltr'>cum</span> <span class='ocrx_word' id='word_1_112' title='bbox 532 1498 594 1543; x_wconf 88' lang='lat' dir='ltr'>tota</span> <span class='ocrx_word' id='word_1_113' title='bbox 605 1491 714 1556; x_wconf 88' lang='lat' dir='ltr'>schola,</span> <span class='ocrx_word' id='word_1_114' title='bbox 725 1508 819 1562; x_wconf 78' lang='lat' dir='ltr'>rernm</span> <span class='ocrx_word' id='word_1_115' title='bbox 829 1497 860 1540; x_wconf 88' lang='lat' dir='ltr'>ut</span> 
     </span>
     <span class='ocr_line' id='line_1_18' title="bbox 59 1567 859 1636; baseline -0.005 -16"><span class='ocrx_word' id='word_1_116' title='bbox 59 1583 190 1636; x_wconf 78' lang='lat' dir='ltr'>nequem</span> <span class='ocrx_word' id='word_1_117' title='bbox 206 1567 324 1633; x_wconf 87' lang='lat' dir='ltr'>amplius</span> <span class='ocrx_word' id='word_1_118' title='bbox 338 1567 456 1635; x_wconf 88' lang='lat' dir='ltr'>posthac</span> <span class='ocrx_word' id='word_1_119' title='bbox 466 1568 631 1636; x_wconf 86' lang='lat' dir='ltr'>discipulum</span> <span class='ocrx_word' id='word_1_120' title='bbox 642 1569 789 1635; x_wconf 85' lang='lat' dir='ltr'>reciperet:</span> <span class='ocrx_word' id='word_1_121' title='bbox 811 1567 859 1617; x_wconf 87' lang='lat' dir='ltr'>do-</span> 
     </span>
     <span class='ocr_line' id='line_1_19' title="bbox 61 1641 860 1714; baseline -0.004 -20"><span class='ocrx_word' id='word_1_122' title='bbox 61 1644 172 1712; x_wconf 89' lang='lat' dir='ltr'>cuitque</span> <span class='ocrx_word' id='word_1_123' title='bbox 186 1643 216 1692; x_wconf 90' lang='lat' dir='ltr'>iu</span> <span class='ocrx_word' id='word_1_124' title='bbox 231 1643 303 1694; x_wconf 88' lang='lat' dir='ltr'>atrio</span> <span class='ocrx_word' id='word_1_125' title='bbox 320 1643 457 1694; x_wconf 84' lang='lat' dir='ltr'>Catilinae</span> <span class='ocrx_word' id='word_1_126' title='bbox 472 1643 582 1708; x_wconf 86' lang='lat' dir='ltr'>domus,</span> <span class='ocrx_word' id='word_1_127' title='bbox 595 1659 666 1714; x_wconf 90' lang='lat' dir='ltr'>qnae</span> <span class='ocrx_word' id='word_1_128' title='bbox 680 1657 745 1711; x_wconf 87' lang='lat' dir='ltr'>pars</span> <span class='ocrx_word' id='word_1_129' title='bbox 755 1641 860 1693; x_wconf 86' lang='lat' dir='ltr'>Palatii</span> 
     </span>
    </p>
   </div>
   <div class='ocr_carea' id='block_1_3' title="bbox 12 1717 861 1858">
    <p class='ocr_par' dir='ltr' id='par_1_4' title="bbox 12 1717 861 1858">
     <span class='ocr_line' id='line_1_20' title="bbox 12 1717 859 1787; baseline -0.004 -17"><span class='ocrx_word' id='word_1_130' title='bbox 12 1741 13 1784; x_wconf 56' lang='grc' dir='ltr'>ι</span> <span class='ocrx_word' id='word_1_131' title='bbox 59 1726 126 1770; x_wconf 88' lang='lat' dir='ltr'>tunc</span> <span class='ocrx_word' id='word_1_132' title='bbox 136 1724 205 1782; x_wconf 84' lang='lat' dir='ltr'>erat,</span> <span class='ocrx_word' id='word_1_133' title='bbox 217 1724 244 1768; x_wconf 90' lang='lat' dir='ltr'>et</span> <span class='ocrx_word' id='word_1_134' title='bbox 255 1725 368 1770; x_wconf 89' lang='lat' dir='ltr'>centena</span> <span class='ocrx_word' id='word_1_135' title='bbox 378 1719 505 1770; x_wconf 86' lang='lat' dir='ltr'>sestertia</span> <span class='ocrx_word' id='word_1_136' title='bbox 515 1719 545 1768; x_wconf 89' lang='lat' dir='ltr'>in</span> <span class='ocrx_word' id='word_1_137' title='bbox 556 1734 656 1770; x_wconf 89' lang='lat' dir='ltr'>annum</span> <span class='ocrx_word' id='word_1_138' title='bbox 669 1720 783 1787; x_wconf 85' lang='lat' dir='ltr'>accepit.</span> <span class='ocrx_word' id='word_1_139' title='bbox 805 1717 859 1768; x_wconf 89' lang='lat' dir='ltr'>De-</span> 
     </span>
     <span class='ocr_line' id='line_1_21' title="bbox 12 1791 861 1858; baseline -0.005 -12"><span class='ocrx_word' id='word_1_140' title='bbox 12 1791 13 1832; x_wconf 52' lang='lat'><em>3</em></span> <span class='ocrx_word' id='word_1_141' title='bbox 60 1795 144 1846; x_wconf 83' lang='lat' dir='ltr'>cessit</span> <span class='ocrx_word' id='word_1_142' title='bbox 158 1793 258 1844; x_wconf 83' lang='lat' dir='ltr'>aetatis</span> <span class='ocrx_word' id='word_1_143' title='bbox 273 1800 399 1858; x_wconf 84' lang='lat' dir='ltr'>exactae,</span> <span class='ocrx_word' id='word_1_144' title='bbox 414 1793 465 1844; x_wconf 88' lang='lat' dir='ltr'>sub</span> <span class='ocrx_word' id='word_1_145' title='bbox 476 1794 599 1844; x_wconf 82' lang='lat' dir='ltr'>Tiberio.</span> <span class='ocrx_word' id='word_1_146' title='bbox 640 1795 766 1846; x_wconf 87' lang='lat' dir='ltr'>Statuam</span> <span class='ocrx_word' id='word_1_147' title='bbox 777 1793 861 1844; x_wconf 88' lang='lat' dir='ltr'>habet</span> 
     </span>
    </p>
   </div>
   <div class='ocr_carea' id='block_1_4' title="bbox 58 1867 860 2088">
    <p class='ocr_par' dir='ltr' id='par_1_5' title="bbox 58 1867 860 2088">
     <span class='ocr_line' id='line_1_22' title="bbox 59 1867 859 1936; baseline -0.004 -15"><span class='ocrx_word' id='word_1_148' title='bbox 59 1869 252 1932; x_wconf 85' lang='lat' dir='ltr'>Praeneste,in</span> <span class='ocrx_word' id='word_1_149' title='bbox 262 1868 393 1921; x_wconf 83' lang='lat' dir='ltr'>inferiore</span> <span class='ocrx_word' id='word_1_150' title='bbox 402 1867 459 1920; x_wconf 82' lang='lat' dir='ltr'>lori</span> <span class='ocrx_word' id='word_1_151' title='bbox 469 1873 559 1934; x_wconf 89' lang='lat' dir='ltr'>parte,</span> <span class='ocrx_word' id='word_1_152' title='bbox 571 1870 646 1920; x_wconf 88' lang='lat' dir='ltr'>cirea</span> <span class='ocrx_word' id='word_1_153' title='bbox 656 1867 859 1936; x_wconf 87' lang='lat' dir='ltr'>hemicyclium,</span> 
     </span>
     <span class='ocr_line' id='line_1_23' title="bbox 58 1943 860 2013; baseline -0.005 -16"><span class='ocrx_word' id='word_1_154' title='bbox 58 1947 87 1997; x_wconf 91' lang='lat' dir='ltr'>in</span> <span class='ocrx_word' id='word_1_155' title='bbox 98 1961 154 2013; x_wconf 91' lang='lat' dir='ltr'>quo</span> <span class='ocrx_word' id='word_1_156' title='bbox 165 1945 254 1996; x_wconf 87' lang='lat' dir='ltr'>fastos</span> <span class='ocrx_word' id='word_1_157' title='bbox 269 1960 286 1994; x_wconf 92' lang='lat' dir='ltr'>a</span> <span class='ocrx_word' id='word_1_158' title='bbox 301 1961 330 1996; x_wconf 90' lang='lat' dir='ltr'>se</span> <span class='ocrx_word' id='word_1_159' title='bbox 341 1945 485 1996; x_wconf 87' lang='lat' dir='ltr'>ordinatos</span> <span class='ocrx_word' id='word_1_160' title='bbox 496 1949 523 1994; x_wconf 91' lang='lat' dir='ltr'>et</span> <span class='ocrx_word' id='word_1_161' title='bbox 538 1959 693 1996; x_wconf 86' lang='lat' dir='ltr'>marmoreo</span> <span class='ocrx_word' id='word_1_162' title='bbox 708 1943 810 2012; x_wconf 84' lang='lat' dir='ltr'>parieti</span> <span class='ocrx_word' id='word_1_163' title='bbox 819 1943 860 1993; x_wconf 90' lang='lat' dir='ltr'>in-</span> 
     </span>
     <span class='ocr_line' id='line_1_24' title="bbox 60 2020 308 2088; baseline -0.004 -16"><span class='ocrx_word' id='word_1_164' title='bbox 60 2023 133 2072; x_wconf 91' lang='lat' dir='ltr'>cisos</span> <span class='ocrx_word' id='word_1_165' title='bbox 144 2020 308 2088; x_wconf 87' lang='lat' dir='ltr'>publicarat.</span> 
     </span>
    </p>
   </div>
   <div class='ocr_carea' id='block_1_5' title="bbox 12 2093 858 2162">
    <p class='ocr_par' dir='ltr' id='par_1_6' title="bbox 12 2093 858 2162">
     <span class='ocr_line' id='line_1_25' title="bbox 12 2093 858 2162; baseline -0.001 -18"><span class='ocrx_word' id='word_1_166' title='bbox 12 2093 13 2096; x_wconf 72' lang='grc'>’</span> <span class='ocrx_word' id='word_1_167' title='bbox 101 2095 216 2146; x_wconf 85' lang='lat' dir='ltr'>sXVlll.</span> <span class='ocrx_word' id='word_1_168' title='bbox 236 2095 270 2146; x_wconf 84' lang='lat' dir='ltr'>L.</span> <span class='ocrx_word' id='word_1_169' title='bbox 283 2097 469 2161; x_wconf 81' lang='lat' dir='ltr'>cnsssrrurs,</span> <span class='ocrx_word' id='word_1_170' title='bbox 481 2109 579 2162; x_wconf 83' lang='lat' dir='ltr'>genere</span> <span class='ocrx_word' id='word_1_171' title='bbox 590 2095 772 2158; x_wconf 87' lang='lat' dir='ltr'>Tarentinus,</span> <span class='ocrx_word' id='word_1_172' title='bbox 785 2093 858 2145; x_wconf 86' lang='lat' dir='ltr'>ordi-</span> 
     </span>
    </p>
   </div>
   <div class='ocr_carea' id='block_1_6' title="bbox 58 2169 861 2829">
    <p class='ocr_par' dir='ltr' id='par_1_7' title="bbox 58 2169 861 2616">
     <span class='ocr_line' id='line_1_26' title="bbox 58 2169 860 2238; baseline -0.004 -16"><span class='ocrx_word' id='word_1_173' title='bbox 58 2172 101 2222; x_wconf 90' lang='lat' dir='ltr'>nis</span> <span class='ocrx_word' id='word_1_174' title='bbox 122 2171 259 2234; x_wconf 86' lang='lat' dir='ltr'>libertini,</span> <span class='ocrx_word' id='word_1_175' title='bbox 281 2173 443 2238; x_wconf 84' lang='lat' dir='ltr'>cognomine</span> <span class='ocrx_word' id='word_1_176' title='bbox 463 2170 591 2234; x_wconf 79' lang='lat' dir='ltr'>Pasicles,</span> <span class='ocrx_word' id='word_1_177' title='bbox 613 2185 678 2222; x_wconf 84' lang='lat' dir='ltr'>mox</span> <span class='ocrx_word' id='word_1_178' title='bbox 694 2169 811 2222; x_wconf 80' lang='lat' dir='ltr'>Pansam</span> <span class='ocrx_word' id='word_1_179' title='bbox 831 2185 860 2220; x_wconf 93' lang='lat' dir='ltr'>se</span> 
     </span>
     <span class='ocr_line' id='line_1_27' title="bbox 58 2246 860 2309; baseline -0.005 -11"><span class='ocrx_word' id='word_1_180' title='bbox 58 2247 298 2298; x_wconf 85' lang='lat' dir='ltr'>transnominavit.</span> <span class='ocrx_word' id='word_1_181' title='bbox 337 2246 393 2296; x_wconf 83' lang='lat' dir='ltr'>llic</span> <span class='ocrx_word' id='word_1_182' title='bbox 412 2247 493 2298; x_wconf 87' lang='lat' dir='ltr'>initio</span> <span class='ocrx_word' id='word_1_183' title='bbox 515 2247 590 2297; x_wconf 83' lang='lat' dir='ltr'>eirca</span> <span class='ocrx_word' id='word_1_184' title='bbox 610 2262 719 2309; x_wconf 80' lang='lat' dir='ltr'>scenam</span> <span class='ocrx_word' id='word_1_185' title='bbox 734 2251 860 2298; x_wconf 86' lang='lat' dir='ltr'>versatus</span> 
     </span>
     <span class='ocr_line' id='line_1_28' title="bbox 59 2320 861 2389; baseline -0.005 -16"><span class='ocrx_word' id='word_1_186' title='bbox 59 2329 113 2386; x_wconf 83' lang='lat' dir='ltr'>est,</span> <span class='ocrx_word' id='word_1_187' title='bbox 130 2322 196 2373; x_wconf 90' lang='lat' dir='ltr'>dum</span> <span class='ocrx_word' id='word_1_188' title='bbox 209 2321 415 2389; x_wconf 84' lang='lat' dir='ltr'>mimographos</span> <span class='ocrx_word' id='word_1_189' title='bbox 430 2322 560 2372; x_wconf 86' lang='lat' dir='ltr'>adiuvat:</span> <span class='ocrx_word' id='word_1_190' title='bbox 582 2321 681 2373; x_wconf 87' lang='lat' dir='ltr'>deinde</span> <span class='ocrx_word' id='word_1_191' title='bbox 695 2322 724 2373; x_wconf 90' lang='lat' dir='ltr'>in</span> <span class='ocrx_word' id='word_1_192' title='bbox 745 2320 861 2388; x_wconf 83' lang='lat' dir='ltr'>pergula</span> 
     </span>
     <span class='ocr_line' id='line_1_29' title="bbox 60 2395 859 2464; baseline -0.001 -17"><span class='ocrx_word' id='word_1_193' title='bbox 60 2399 165 2460; x_wconf 72' lang='lat' dir='ltr'>decinit,</span> <span class='ocrx_word' id='word_1_194' title='bbox 178 2396 274 2460; x_wconf 88' lang='lat' dir='ltr'>donec,</span> <span class='ocrx_word' id='word_1_195' title='bbox 286 2398 483 2448; x_wconf 87' lang='lat' dir='ltr'>commentario</span> <span class='ocrx_word' id='word_1_196' title='bbox 496 2397 630 2464; x_wconf 85' lang='lat' dir='ltr'>Smyrnae</span> <span class='ocrx_word' id='word_1_197' title='bbox 641 2398 726 2461; x_wconf 89' lang='lat' dir='ltr'>edito,</span> <span class='ocrx_word' id='word_1_198' title='bbox 739 2395 809 2447; x_wconf 85' lang='lat' dir='ltr'>adeo</span> <span class='ocrx_word' id='word_1_199' title='bbox 819 2396 859 2446; x_wconf 90' lang='lat' dir='ltr'>in-</span> 
     </span>
     <span class='ocr_line' id='line_1_30' title="bbox 60 2470 595 2535; baseline -0.004 -11"><span class='ocrx_word' id='word_1_200' title='bbox 60 2473 174 2535; x_wconf 85' lang='lat' dir='ltr'>claruit,</span> <span class='ocrx_word' id='word_1_201' title='bbox 185 2477 217 2522; x_wconf 92' lang='lat' dir='ltr'>ut</span> <span class='ocrx_word' id='word_1_202' title='bbox 227 2470 295 2525; x_wconf 82' lang='lat' dir='ltr'>baec</span> <span class='ocrx_word' id='word_1_203' title='bbox 305 2472 338 2524; x_wconf 88' lang='lat' dir='ltr'>de</span> <span class='ocrx_word' id='word_1_204' title='bbox 349 2489 381 2524; x_wconf 90' lang='lat' dir='ltr'>eo</span> <span class='ocrx_word' id='word_1_205' title='bbox 393 2473 578 2524; x_wconf 85' lang='lat' dir='ltr'>scriberentur</span> <span class='ocrx_word' id='word_1_206' title='bbox 589 2491 595 2522; x_wconf 76' lang='grc' dir='ltr'><strong>ε</strong></span> 
     </span>
     <span class='ocr_line' id='line_1_31' title="bbox 76 2545 756 2616; baseline -0.001 -17"><span class='ocrx_word' id='word_1_207' title='bbox 76 2565 78 2570; x_wconf 95' lang='grc'><strong><em>·</em></strong></span> <span class='ocrx_word' id='word_1_208' title='bbox 139 2545 166 2599; x_wconf 83' lang='lat' dir='ltr'><em>V</em></span> <span class='ocrx_word' id='word_1_209' title='bbox 164 2546 194 2598; x_wconf 81' lang='lat' dir='ltr'>ni</span> <span class='ocrx_word' id='word_1_210' title='bbox 205 2545 331 2599; x_wconf 76' lang='lat' dir='ltr'>Crassitio</span> <span class='ocrx_word' id='word_1_211' title='bbox 342 2561 368 2597; x_wconf 77' lang='lat' dir='ltr'>re</span> <span class='ocrx_word' id='word_1_212' title='bbox 379 2548 483 2598; x_wconf 84' lang='lat' dir='ltr'>credere</span> <span class='ocrx_word' id='word_1_213' title='bbox 495 2547 608 2616; x_wconf 69' lang='lat' dir='ltr'>Smyrna</span> <span class='ocrx_word' id='word_1_214' title='bbox 613 2547 756 2615; x_wconf 79' lang='lat' dir='ltr'>probavit:</span> 
     </span>
    </p>

    <p class='ocr_par' dir='ltr' id='par_1_8' title="bbox 172 2620 753 2692">
     <span class='ocr_line' id='line_1_32' title="bbox 172 2620 753 2692; baseline 0 -19"><span class='ocrx_word' id='word_1_215' title='bbox 172 2620 307 2684; x_wconf 78' lang='lat' dir='ltr'>Desinite,</span> <span class='ocrx_word' id='word_1_216' title='bbox 319 2622 430 2685; x_wconf 78' lang='lat' dir='ltr'>indocti,</span> <span class='ocrx_word' id='word_1_217' title='bbox 443 2623 567 2692; x_wconf 81' lang='lat' dir='ltr'>coniugio</span> <span class='ocrx_word' id='word_1_218' title='bbox 578 2623 647 2675; x_wconf 79' lang='lat' dir='ltr'>banc</span> <span class='ocrx_word' id='word_1_219' title='bbox 653 2632 753 2691; x_wconf 81' lang='lat' dir='ltr'>petere.</span> 
     </span>
    </p>

    <p class='ocr_par' dir='ltr' id='par_1_9' title="bbox 137 2696 682 2829">
     <span class='ocr_line' id='line_1_33' title="bbox 137 2696 636 2761; baseline 0.002 -13"><span class='ocrx_word' id='word_1_220' title='bbox 137 2696 194 2748; x_wconf 79' lang='lat' dir='ltr'>Soli</span> <span class='ocrx_word' id='word_1_221' title='bbox 205 2696 332 2749; x_wconf 58' lang='lat' dir='ltr'>&amp;aesino</span> <span class='ocrx_word' id='word_1_222' title='bbox 343 2713 369 2748; x_wconf 88' lang='lat' dir='ltr'>sc</span> <span class='ocrx_word' id='word_1_223' title='bbox 379 2697 448 2750; x_wconf 81' lang='lat' dir='ltr'>dixit</span> <span class='ocrx_word' id='word_1_224' title='bbox 457 2697 553 2750; x_wconf 67' lang='lat' dir='ltr'>nubem</span> <span class='ocrx_word' id='word_1_225' title='bbox 563 2699 636 2761; x_wconf 83' lang='lat' dir='ltr'>velle,</span> 
     </span>
     <span class='ocr_line' id='line_1_34' title="bbox 172 2771 682 2829; baseline 0 -3"><span class='ocrx_word' id='word_1_226' title='bbox 172 2771 272 2826; x_wconf 77' lang='lat' dir='ltr'>intima</span> <span class='ocrx_word' id='word_1_227' title='bbox 283 2773 327 2826; x_wconf 82' lang='lat' dir='ltr'>cui</span> <span class='ocrx_word' id='word_1_228' title='bbox 335 2773 384 2826; x_wconf 85' lang='lat' dir='ltr'>soli</span> <span class='ocrx_word' id='word_1_229' title='bbox 393 2783 456 2827; x_wconf 82' lang='lat' dir='ltr'>note</span> <span class='ocrx_word' id='word_1_230' title='bbox 466 2790 514 2828; x_wconf 79' lang='lat' dir='ltr'>suu</span> <span class='ocrx_word' id='word_1_231' title='bbox 525 2773 682 2829; x_wconf 69' lang='lat' dir='ltr'>exstiterint.</span> 
     </span>
    </p>
   </div>
   <div class='ocr_carea' id='block_1_7' title="bbox 0 0 1027 3028">
    <p class='ocr_par' dir='ltr' id='par_1_10' title="bbox 0 0 1027 3028">
     <span class='ocr_line' id='line_1_35' title="bbox 0 0 1027 3028; baseline 0 0"><span class='ocrx_word' id='word_1_232' title='bbox 0 0 1027 3028; x_wconf 95' lang='lat' dir='ltr'> </span> 
     </span>
    </p>
   </div>
  </div>
 </body>
</html>
