2026 3020
228 237 484 286 OCTAVIANUS.
520 241 596 286 CAP.
617 243 714 286 8-11.
837 239 870 290 53

68 361 131 412 tuit.
173 360 272 413 Ludos
288 369 377 414 autem
393 357 526 414 victoriae
539 364 666 414 Caesaris
677 379 733 414 non
744 365 868 418 audenti·

68 437 120 487 bus
131 435 241 501 iacere,
263 438 360 506 quibus
377 439 516 505 obtigerat
528 438 557 488 id
572 453 682 502 munus,
703 439 764 506 ipse
773 440 868 492 edidit.

67 510 103 560 Et
119 527 178 578 quo
196 514 366 564 constantius
380 519 471 566 cetera
487 529 597 581 quoque
612 520 819 582 exsequeretur,
840 515 870 566 in

68 586 163 638 locum
174 587 281 638 tribuni
289 589 378 655 plebis
388 587 460 639 forte
471 589 608 640 demortui
619 589 796 640 candidatum
809 588 868 657 [po-

67 661 196 731 titorem]
214 679 242 714 se
259 663 391 726 ostendit,
413 678 569 732 quanquam
584 664 731 731 patricius,
750 665 866 715 necdum

68 743 191 788 senator.
231 737 286 789 Sed
297 738 458 790 adversante
474 738 618 793 conatibus
627 739 685 790 suis
695 739 734 790 M.
745 740 866 791 Antonio

69 811 193 875 consule,
200 829 281 880 quem
291 813 335 864 vel
344 813 521 881 praecipuum
533 813 686 878 adiutorem
697 821 864 882 speraverat,

69 901 140 938 acne
151 887 294 954 publicum
305 887 415 955 quidem
425 894 453 940 et
461 887 664 940 translaticium
674 889 717 940 ius
727 889 786 940 ulla
796 890 825 940 in
835 906 865 940 re

69 962 124 1012 sibi
133 961 194 1012 sinc
210 963 339 1030 pactione
349 963 528 1029 gravissimae
538 963 671 1013 mercedis
682 965 863 1031 impertiente,

71 1037 104 1086 ad
120 1037 271 1104 optimates
285 1053 315 1087 se
331 1037 459 1088 contulit:
486 1037 584 1104 quibus
600 1052 662 1086 cnm
677 1037 794 1088 invisum
805 1053 866 1089 sen-

68 1112 165 1174 tiebat,
177 1112 296 1162 maxime
306 1112 379 1180 quod
391 1112 426 1163 D.
436 1112 566 1173 Brutum,
579 1112 719 1162 obsessum
730 1111 864 1176 Mutinae,

69 1186 215 1252 provincia
231 1201 248 1235 a
259 1186 375 1238 Caesare
391 1187 456 1238 data
472 1192 499 1237 et
508 1201 557 1252 per
566 1192 689 1236 senatum
703 1187 866 1238 confirmata

69 1260 206 1328 expellere
218 1261 302 1312 armis
311 1263 453 1312 niteretur.
492 1261 677 1312 Hortautibus
691 1262 863 1330 itaquenon-

67 1335 166 1399 nullis,
186 1351 362 1403 percussores
377 1337 404 1388 ei
419 1337 592 1397 subornavit3
614 1351 647 1386 ac
660 1333 758 1388 fraude
769 1336 863 1404 depre-

67 1407 167 1473 hensa,
183 1411 335 1477 perieulum
345 1412 463 1462 invicem
472 1416 608 1474 metuens,
624 1416 770 1463 veteranos
780 1410 864 1462 simul

66 1485 95 1536 in
106 1500 188 1535 suum
199 1501 233 1535 ac
242 1486 410 1552 reipublicae
421 1485 567 1548 auxilium,
589 1492 692 1553 quanta
707 1486 800 1553 potuit
808 1486 862 1537 lar-

67 1560 188 1626 gitione,
209 1561 355 1610 contraxit.
394 1561 541 1628 iussusque
557 1566 717 1627 comparato
730 1563 864 1622 exercitui

67 1650 117 1702 pro
129 1640 259 1701 praetore
270 1650 408 1702 praeesse,
429 1639 456 1685 et
468 1649 529 1686 cunr
539 1635 633 1696 Hirtio
645 1650 678 1686 ac
688 1634 793 1698 Pansa,
816 1636 863 1703 qui

68 1709 243 1760 consulatum
254 1708 559 1777 acceperant‚D.Bruto
572 1725 651 1777 opem
660 1709 741 1774 ferre,
753 1711 862 1760 deman-

3 1823 4 1826 *
68 1784 162 1834 datum
178 1783 280 1834 bellum
294 1785 377 1836 tertio
389 1799 479 1837 mense
491 1783 610 1836 confecit
620 1785 728 1843 dnobus
738 1785 862 1852 proeliis.

65 1858 165 1909 Priore
176 1858 311 1910 Antonius
322 1875 382 1911 eum
392 1859 496 1927 fugisse
507 1859 616 1920 scribit,
637 1873 670 1909 ao
679 1859 738 1909 sine
749 1859 863 1925 paluda-

66 1939 159 1984 mento
172 1949 297 2001 equoque
307 1941 371 2001 post
384 1933 498 1986 biduum
510 1933 616 1984 demum
627 1933 801 1999 apparuisse=
822 1949 862 1982 se-

67 2008 163 2076 quenti
174 2008 242 2058 satis
254 2015 362 2060 constat
376 2024 432 2062 non
446 2007 529 2060 modo
541 2007 628 2068 ducis,
640 2005 687 2057 serl
698 2007 781 2056 etiam
792 2005 863 2055 mili-

65 2085 102 2132 tis
122 2081 247 2134 iunctum
267 2099 390 2146 munere3
416 2090 499 2151 atque
517 2083 551 2131 in
566 2080 658 2130 media
677 2079 863 2142 dimicatione,

67 2155 218 2226 aquilifero
229 2157 347 2224 legionis
357 2175 423 2212 suae
434 2158 555 2226 graviter
565 2157 670 2224 saucio,
683 2153 803 2222 aquilam
815 2151 863 2204 lm-

66 2233 150 2284 meris
160 2232 280 2284 subiisse
291 2232 390 2301 dinque
399 2241 534 2301 portasse.

122 2307 173 2358 Xl.
194 2306 259 2363 llos
271 2307 345 2359 bello
361 2324 443 2377 quum
458 2307 567 2359 Hirtius
582 2305 611 2356 in
626 2306 698 2369 acie,
718 2303 864 2371 l‘ansaque

67 2388 144 2449 post,
162 2395 196 2433 ex
206 2381 318 2432 vulnere
332 2384 478 2450 perissent,
493 2396 588 2433 rumor
597 2380 746 2441 increbuit,
768 2378 864 2428 ambos

68 2472 153 2523 opera
170 2457 231 2508 eius
247 2457 368 2523 occisos,
388 2463 432 2520 ut,
451 2457 571 2508 Antonio
591 2454 701 2521 fugato,
722 2450 865 2518 republica

68 2532 232 2584 consulibus
248 2532 359 2596 orbata,
381 2532 457 2584 solus
472 2527 773 2581 victortres'exercitus
785 2539 865 2575 oceu-

67 2613 155 2674 paret.
194 2605 305 2658 Pansae
315 2608 424 2677 quidem
436 2605 505 2656 adeo
517 2609 645 2671 suspecta
658 2615 733 2654 mors
747 2597 813 2661 fuit,
834 2602 866 2647 ut

68 2681 158 2750 Glyco
171 2681 296 2733 medicus
307 2681 460 2733 custoditus
471 2680 514 2743 sit,
527 2678 606 2746 quasi
615 2686 749 2726 venenum
758 2671 866 2724 vulneri

65 2757 224 2812 indidisset.
250 2755 353 2812 Adlicit
362 2753 535 2823 bisAquilius
541 2751 635 2818 Niger,
648 2749 763 2800 alterum
774 2763 789 2799 e
800 2759 864 2798 con-
