2050 3034
190 587 222 636 C.
256 585 493 640 SUETONll
524 589 828 654 'l'RANQUlLLl

297 727 720 822 urrunnu-amun

116 871 896 968 r1aun1usnunoonrsin.

160 1221 184 1272 l.
206 1195 347 1276 Patricia
362 1239 428 1290 gens
445 1222 564 1274 Claudia
579 1222 645 1286 (fuit
660 1223 732 1274 enim
748 1233 775 1275 et
786 1223 843 1274 alla
854 1221 909 1293 ple·

102 1296 183 1360 beia,
204 1313 256 1349 nec
270 1298 396 1364 potentia
410 1298 501 1350 minor
515 1313 566 1348 nec
581 1297 728 1365 dignitate)
745 1305 808 1350 orta
823 1306 907 1352 estex

104 1369 237 1438 Regillis,
253 1372 364 1438 'oppido
382 1371 556 1424 Sabinorum.
595 1371 661 1423 lude
677 1372 792 1425 Romam
812 1389 907 1427 recens

106 1445 249 1496 conditam
266 1461 326 1498 cum
342 1461 441 1514 magna
458 1446 598 1497 clientium
613 1461 697 1498 manu
707 1449 907 1516 commigravit,

108 1525 223 1571 anctore
233 1521 298 1572 Tito
311 1521 408 1585 Tatio,
421 1526 549 1573 consorte
558 1520 683 1585 Romuli,
695 1521 752 1585 vel,
764 1523 839 1590 quod
850 1539 906 1574 ma-

107 1594 152 1660 gis
164 1600 284 1660 constat,
295 1595 360 1646 Atta
372 1595 503 1660 Claudio,
515 1595 604 1662 gentio
614 1595 748 1662 principe.
788 1595 856 1647 Post
866 1612 906 1649 re·

105 1683 154 1735 ges
162 1676 292 1734 exactos,
309 1676 387 1721 sexto
398 1669 456 1722 fere
467 1685 554 1735 auno,
567 1686 584 1720 a
593 1670 722 1722 Patribus
733 1671 762 1721 in
773 1671 907 1737 patricios

107 1749 254 1811 cooptata,
276 1759 371 1812 agnam
386 1745 499 1812 insuper
513 1751 590 1795 trans
604 1745 733 1796 Anienem
750 1745 905 1810 clientibus,

105 1817 254 1886 locumque
264 1819 320 1868 sibi
331 1819 366 1868 ad
376 1819 546 1884 sepulturam
557 1819 608 1870 sub
620 1819 775 1885 Capitolio,
796 1821 906 1886 publice

106 1894 224 1959 accepit.
264 1890 401 1960 Deinceps
426 1892 592 1959 procedente
617 1897 740 1959 tempore
767 1892 905 1945 duodetri-

106 1968 184 2034 ginta
200 1967 374 2032 consulatus‚
396 1967 549 2019 dictattuas
568 1965 699 2033 quinquo,
722 1981 850 2016 censuras
866 1983 911 2034 se·¹

105 2048 194 2110 ptem,
209 2040 366 2108 triumphos
377 2048 495 2109 septem,
508 2041 577 2091 diras
589 2040 732 2091 ovationes
744 2039 845 2107 adepte
856 2047 903 2093 est

107 2115 197 2177 Quum
207 2117 433 2183 praenominibus
444 2115 708 2184 cognominibusque
717 2115 802 2166 variis
810 2114 905 2168 distin·

105 2189 333 2257 gueretnr,Luoii
343 2205 510 2258 praenomen
520 2189 905 2261 consensurepudiarit,post·

105 2279 187 2332 qnam
199 2281 214 2316 e
226 2265 334 2316 duobus
345 2265 507 2332 gentilibus,
527 2265 662 2334 praeditis
673 2281 720 2331 eo,
738 2267 808 2318 alter
818 2268 904 2318 latro·

105 2339 184 2403 ciali,
206 2339 300 2390 caedis
316 2340 385 2392 alter
400 2340 541 2391 conuictus
562 2346 612 2392 est.
650 2341 725 2392 luter
739 2341 904 2406 cognomina

105 2418 197 2464 autem
208 2420 236 2465 et
246 2412 359 2465 Neronis
370 2415 531 2480 asnnmpsit,
553 2430 607 2484 qno
623 2415 795 2482 significator
810 2413 904 2480 lingua

105 2487 210 2540 Sabina
220 2487 303 2539 fortis
315 2503 347 2541 ac
357 2495 492 2540 strenuus.

159 2562 194 2613 ll.
215 2563 306 2614 Multa
315 2564 463 2616 multorum
476 2562 654 2613 Claudiorum
671 2561 782 2627 egregia
796 2561 904 2623 urente,

103 2635 191 2688 multa
207 2638 291 2689 etiam
307 2653 386 2690 necne
402 2637 523 2688 admissa
538 2637 567 2686 iu
577 2633 775 2700 rempublicam
786 2640 904 2685 exstant.

138 2729 285 2776 Suanos.
674 2725 696 2769 ll
