2044 3028
122 213 123 218 ’
223 219 268 269 oa
286 222 498 270 mansimus
518 221 755 270 onnmmnmcts.
833 221 882 274 tto
902 238 905 248 ·

163 344 294 410 Mirator,
307 347 398 416 quibos
406 348 450 400 ille
461 346 603 415 disciplinis

166 421 281 474 Tantam
291 423 328 475 a't
336 423 491 491 sapientiam
502 431 646 486 assecutor,

166 497 249 561 Quem
260 507 312 550 tres
323 495 458 562 cauliculi,
470 499 564 550 selibra
568 496 671 568 farris,

159 571 272 625 Rocemi
280 574 342 637 dno,
355 575 444 643 tegula
453 575 500 627 roi
511 590 565 625 ona

160 647 205 698 At
213 664 339 700 summam
345 665 428 717 prope
437 649 559 702 nutriant
568 657 705 702 senectam.

82 725 119 776 Et
128 738 243 774 rursus:
597 759 599 768 .

161 798 269 851 Catonia
279 801 367 864 morio,
382 801 468 863 Galle,
484 799 660 852 Tusculanum

163 873 232 926 Toto
242 875 358 927 creditor
366 876 429 927 orbe
438 875 598 927 venditabat.

159 947 258 1002 Mirati
266 967 366 1014 somne,
377 951 483 1003 amioum
493 951 664 1020 magistrum,

161 1023 295 1078 Summam
302 1027 520 1096 grammaticum,
532 1025 656 1092 optimum
662 1032 781 1092 poetam,

164 1097 256 1152 Omnis
266 1103 362 1153 eoloere
368 1117 444 1169 posse
455 1101 618 1169 quaestiones
627 1118 641 1163 ,·

164 1174 249 1226 Unam
260 1176 369 1247 difficile
379 1177 499 1244 expedire
508 1193 609 1228 nomen.

159 1249 205 1302 Eo
215 1267 261 1303 eor
272 1251 411 1314 Zenodoti,
423 1269 454 1304 en
465 1252 538 1304 ieeur
549 1251 664 1304 Cratetis
675 1252 684 1301 l

140 1325 201 1376 Xll.
224 1326 391 1378 Constemus
399 1327 548 1395 Epicadus,
559 1326 593 1377 L.
604 1326 725 1378 Cornelii
737 1325 830 1377 Sullae
840 1324 880 1374 di,-

85 1401 202 1452 otatoris
216 1401 344 1466 liborum,
361 1403 521 1470 onlatorque
535 1404 564 1452 in
575 1402 731 1453 sacerdotio
744 1399 878 1468 augurali,

83 1476 198 1546 filioque
218 1477 277 1528 eius
296 1477 388 1530 fausto
409 1478 584 1546 gratissimus
603 1477 673 1528 luit:
700 1491 784 1542 quare
803 1491 879 1526 num-

82 1567 167 1621 quam
176 1566 233 1603 non
242 1554 384 1622 utriusque
395 1570 424 1606 se
433 1555 562 1605 libortum
573 1553 667 1603 edidit.
706 1550 821 1601 Librum
833 1565 880 1600 au·

81 1633 152 1692 tem,
174 1643 253 1696 quom
274 1627 352 1679 Sulla
370 1630 549 1680 novissimum
565 1628 695 1680 derebus
710 1625 879 1693 suisimpar-

10 1729 11 1734 =
82 1702 186 1754 tectum
195 1703 358 1771 reliquerat,
369 1704 429 1770 ipse
440 1704 584 1771 supplevit.

139 1777 215 1828 Xlll.
236 1775 399 1829 Musaeus
415 1777 481 1829 hero
493 1793 544 1829 suo
555 1785 661 1844 emptos
677 1777 709 1828 da
722 1782 842 1838 catasta,
853 1781 880 1826 et

82 1858 198 1922 propter
212 1853 333 1905 studium
351 1853 546 1916 manumissus,
567 1852 663 1902 docuit
682 1853 754 1902 inter
774 1857 880 1902 ceteros

82 1928 198 1982 Brutum
213 1934 241 1980 et
255 1929 388 1980 cassimn.
428 1928 498 1980 Sunt
511 1927 559 1994 qui
572 1926 695 1989 tradant,
716 1941 776 1976 enm
797 1922 880 1975 hone-

82 2009 155 2056 stata
164 2003 332 2071 praeditum,
346 2011 378 2056 ut
390 2003 560 2070 temporibus
575 2001 697 2053 Sullanis
712 2000 880 2066 proscripto·

81 2095 143 2130 mm
158 2079 263 2130 liberos
277 2080 365 2147 gratis
384 2085 411 2130 et
426 2080 484 2130 sine
499 2076 624 2128 mercede
638 2076 697 2127 nlla
712 2075 741 2126 in
757 2075 879 2140 discipli-

82 2169 146 2206 nam
156 2156 300 2221 receperit.

136 2228 212 2281 xlv.
234 2230 362 2280 Gonnus
382 2228 467 2280 N1c1s
486 2227 577 2280 haesit
592 2228 640 2278 Gn.
656 2225 790 2291 Pompeio
806 2232 833 2277 et
848 2226 878 2274 G.

80 2305 232 2357 Memmio:
252 2305 301 2356 sad
316 2319 399 2374 quum
410 2304 556 2355 codicillos
569 2302 694 2354 Memmii
708 2301 745 2351 ad
754 2299 877 2369 Pompeii

80 2395 197 2433 uxorem
212 2380 246 2432 de
260 2387 355 2448 stupro
371 2379 540 2447 pertulisset,
556 2378 684 2446 proditus
696 2377 730 2428 ab
741 2390 787 2440 eo,
798 2375 878 2427 Pom-

80 2457 174 2524 peium
190 2455 318 2520 offendit,
334 2456 471 2522 domoque
487 2455 513 2506 ai
532 2453 708 2506 interdictum
725 2457 776 2502 est.
814 2449 880 2503 Fuit

82 2538 110 2582 et
122 2531 162 2582 M.
176 2531 317 2584 Ciceronis
331 2530 479 2582 familiaris
490 2549 497 2580 ε
516 2530 546 2580 in
557 2529 634 2580 cuius
645 2526 765 2595 epistola
776 2526 811 2578 ad
821 2525 879 2578 Do-

79 2606 212 2660 labellam
226 2605 295 2660 haee
309 2605 342 2658 de
357 2621 389 2658 eo
405 2606 539 2673 legimus:
560 2601 637 2654 Nion
649 2603 750 2654 Romae
762 2601 877 2670 geritur,

10 2733 12 2742 ,
81 2683 152 2750 quoti
165 2692 191 2734 te
199 2693 292 2750 potem
301 2681 368 2734 seire
378 2695 484 2743 rorare,
499 2677 553 2731 nisi
559 2677 636 2749 sorte
647 2677 714 2730 seire
723 2676 774 2739 oie,
788 2691 828 2728 me
837 2677 878 2728 in-

10 2757 12 2760 ’
81 2757 238 2814 terNioiam
252 2767 369 2812 noemma
384 2766 411 2811 et
425 2755 531 2808 Vidium
544 2753 727 2808 iadicemesse.
769 2751 879 2828 Profert

858 2882 1009 2968 ΑἿ
