2050 3034
110 201 160 252 184
386 203 413 250 G.
437 201 629 250 suarem!

110 333 138 380 et
156 327 265 395 rapide,
285 333 316 378 ut
334 327 526 393 praetorianae
548 324 675 378 cohortes
690 332 787 380 contra
800 343 907 384 morem

109 405 189 471 signa
198 402 327 454 iumentis
337 403 487 470 imponere,
499 403 576 453 etita
586 403 718 470 subsequi
728 411 906 472 cogerentur;

107 478 244 531 interdum
256 479 325 530 adeo
336 478 456 545 segniter
466 484 493 529 et
503 477 641 541 delicate,
652 485 684 528 ut
695 477 849 548 octophoro
860 496 906 532 ve-

106 552 229 617 horretur,
251 560 333 622 atque
348 568 364 602 a
378 553 594 621 propinquarum
607 553 717 604 urbium
730 553 810 622 plebe
830 557 906 607 verri

107 630 161 680 sibi
171 631 240 693 vias,
252 634 280 680 et
290 628 436 694 conspergi
445 633 559 695 propter
568 626 707 694 pulverem
719 630 850 696 exigeret.

161 702 261 756 XLlV.
282 701 433 770 Postquam
448 708 539 752 castra
555 702 658 770 attigit,
678 709 710 754 ut
724 720 754 755 se
769 719 860 756 acrem
876 711 904 756 et

105 793 229 830 severum
240 777 335 828 ducem
346 777 510 841 ostenderet,
516 777 631 844 legatos,
638 777 686 846 qui
696 777 803 830 auxilia
813 779 903 832 serius

105 869 139 906 ex
150 852 265 904 diversis
276 851 346 902 locis
357 851 537 916 adduxerant,
549 868 610 903 cum
620 853 773 920 ignominia
784 854 900 906 dimisit.

104 930 139 979 rit
157 929 187 978 in
207 926 329 978 exercitu
347 927 526 991 recensendo,
551 927 689 994 plerisque
710 929 901 980 centurionum

104 1004 220 1056 mannis
234 1003 303 1066 iam,
324 1008 351 1054 et
364 1002 504 1054 nonnullis
518 1007 581 1053 ante
597 1003 795 1070 paucissimos,
817 1019 902 1071 quam

104 1078 320 1132 consummaturi
329 1083 428 1141 essent,
440 1077 507 1141 dies,
513 1077 618 1143 primos
628 1077 701 1144 pilos
713 1077 823 1142 ademit,
836 1094 901 1130 cau-

103 1161 179 1206 satus
190 1154 293 1206 senium
306 1153 437 1219 cuiusque
452 1157 479 1203 et
492 1151 723 1204 imbecillitatem:
745 1158 900 1206 ceterorum

102 1229 237 1295 increpita
248 1227 410 1293 cupiditate,
432 1226 578 1277 commoda
592 1226 721 1279 emeritae
734 1226 852 1280 militiae
863 1229 901 1280 ad

101 1319 149 1354 sex
160 1304 276 1355 millium
286 1317 420 1364 smnmam
434 1300 542 1352 recidit.
580 1299 659 1352 Nihil
673 1308 765 1354 autem
778 1303 900 1372 amplius

102 1394 183 1446 quam
195 1377 335 1440 Adminio,
357 1375 524 1428 Cinobellini
533 1375 729 1430 Britannorum
743 1378 817 1445 regis
828 1377 899 1444 filio,

102 1455 148 1520 qui
160 1452 254 1520 pulsus
266 1458 370 1518 epatre
382 1467 442 1502 cum
453 1452 554 1518 exigua
563 1467 647 1502 manu
656 1451 857 1520 transfugerat,
868 1455 900 1507 in

102 1529 269 1582 deditionem
289 1533 413 1593 recepto,
435 1527 516 1593 quasi
534 1527 663 1579 universa
676 1527 781 1579 tradita
794 1527 899 1594 insula,

100 1604 260 1671 magnificas
266 1601 382 1652 Romam
392 1601 487 1652 literas
497 1601 582 1666 misit,
593 1603 705 1654 monitis
717 1602 900 1671 speculatori-

100 1679 165 1742 bus,
181 1684 211 1728 ut
221 1674 346 1728 vehiculo
358 1675 393 1725 ad
403 1674 494 1727 forum
505 1692 592 1745 usque
602 1683 630 1728 et
640 1679 744 1729 curiam
755 1680 900 1746 pertende·

99 1759 172 1816 rent,
193 1767 243 1802 nec
256 1751 312 1802 nisi
325 1751 354 1802 in
370 1751 437 1802 aede
451 1751 564 1817 Martis,
586 1767 619 1803 ac
633 1752 774 1822 frequente
789 1751 898 1821 senatu,

101 1827 259 1879 consulibus
268 1825 416 1878 traderent.

155 1901 241 1954 XLV.
261 1901 342 1966 Mox,
357 1901 499 1954 deficiente
513 1903 580 1954 belli
593 1903 723 1968 materia,
742 1919 849 1972 pancos
864 1905 899 1958 de

100 1979 226 2030 custodia
238 1976 390 2029 Germanos
401 1979 506 2042 traiici,
527 1977 671 2046 occulique
684 1986 761 2030 trans
771 1977 899 2032 Rhenum

98 2054 192 2118 iussit,
205 2069 238 2104 ac
247 2052 302 2103 sibi
312 2060 376 2120 post
385 2053 530 2119 prandium
545 2068 627 2120 quam
637 2053 897 2121 tumultuosissime,

99 2128 195 2178 adesse
210 2126 329 2190 hostem,
350 2128 485 2178 nunciari.
526 2127 587 2188 Quo
602 2127 692 2193 facto,
709 2130 853 2198 proripuit
867 2147 898 2184 se

100 2218 160 2254 cum
172 2203 268 2252 amicis
279 2208 306 2252 et
316 2209 394 2266 parte
409 2203 530 2268 equitum
540 2203 782 2271 praetorianorum
791 2205 822 2257 in
830 2222 897 2273 pro-

97 2279 200 2328 ximam
211 2276 323 2338 silvam,
343 2277 532 2344 truncatisque
548 2279 695 2332 arboribus
705 2281 772 2332 etin
782 2281 897 2332 modum

97 2360 275 2419 tropaeorum
296 2349 438 2402 adornatis
460 2351 494 2402 ad
515 2352 620 2404 lumina
639 2368 777 2420 reversus,
799 2372 896 2409 eorum

98 2429 223 2495 quidem,
243 2425 292 2493 qui
301 2425 389 2476 secuti
397 2441 453 2476 non
464 2433 567 2493 essent,
587 2427 763 2481 timiditatem
779 2432 896 2500 etigna-

97 2503 170 2554 viam
186 2501 334 2570 corripuit3
358 2501 472 2553 comites
487 2509 578 2555 autem
592 2509 620 2554 et
637 2505 787 2572 participes
806 2507 896 2558 victo-

97 2577 156 2628 riae
176 2593 249 2629 novo
269 2592 367 2644 genere
388 2592 421 2628 ac
439 2579 550 2631 nomine
576 2593 740 2633 coronarum
765 2579 896 2646 donavit;

99 2665 179 2715 quas,
200 2653 345 2703 distinctas
365 2652 434 2704 solis
455 2668 488 2706 ac
502 2655 583 2706 lunae
597 2653 772 2725 siderumque
791 2658 895 2726 specie,

98 2726 287 2787 exploratorias
302 2728 460 2795 appellavit.
498 2729 603 2782 Rursus
622 2728 732 2781 obsides
748 2732 895 2802 quosdam,
