2050 3034
135 239 185 294 150
416 245 443 290 0.
469 241 653 290 suEToNfl

133 367 198 421 loeo
209 367 308 432 movit3
328 365 477 435 prohibitis
487 383 536 436 per
546 367 661 418 militem
673 366 763 420 obviis
775 381 809 418 ao
817 366 936 422 viatori·
1005 389 1006 392 ¹

134 445 186 496 bus
196 445 333 512 respioere
341 459 459 513 usquam
468 443 512 496 vel
522 443 681 500 consistere.

190 518 276 570 LXV.
298 519 427 571 Seianum
446 535 490 571 res
510 533 596 570 novas
614 517 786 582 molientem,
807 519 938 584 quamvis

132 595 189 660 iam
198 600 228 646 et
236 594 355 647 natalem
368 594 426 646 aias
436 594 546 660 publice
557 593 691 646 eelebrori
701 598 729 644 et
737 593 875 660 imagines
887 610 935 646 au-

132 685 195 721 reas
207 669 262 721 eoii
271 669 375 736 passim
385 668 553 732 videretvix
561 667 680 732 tandem,
687 673 715 720 et
725 673 788 718 astu
798 669 890 736 magis
902 685 935 722 ae

133 744 212 807 dolo,
233 759 316 812 quam
330 743 477 811 principali
491 744 656 796 auctoritate
676 743 819 794 subvertit.
860 743 934 795 Nam

132 820 235 886 primo,
250 822 282 868 ut
292 833 309 868 a
318 834 348 870 se
358 834 407 884 per
417 819 535 885 speciem
546 817 660 870 honoris
671 818 834 881 dimitteret,
848 819 933 872 oolla·

131 909 193 960 gam
206 892 261 944 sibi
272 894 421 961 assumpsit
430 895 458 944 in
470 894 565 962 quinto
578 892 736 957 consulatu,
753 908 832 960 quem
844 893 932 962 longo

131 968 277 1024 intervallo
294 969 392 1020 absona
408 969 444 1019 ob
458 968 488 1019 id
503 969 593 1037 ipsimi
613 974 780 1036 susceperat.
820 967 933 1021 Deinde

132 1059 180 1111 spe
191 1041 338 1095 affinitatis
350 1059 382 1096 ac
391 1044 557 1096 tribuniciae
566 1045 713 1112 potestatis
724 1043 878 1112 deceptum,
890 1047 932 1096 in-

132 1119 290 1186 opinantem
316 1120 476 1171 criminatus
500 1119 693 1186 estpudenda
716 1119 932 1188 miserandaque

131 1195 272 1257 oratione3
292 1209 375 1263 quum
389 1195 462 1245 inter
476 1194 533 1246 ahia
545 1200 639 1262 patres
650 1195 823 1260 conscriptos
833 1210 932 1262 preca-

129 1275 217 1334 retur,
233 1270 372 1321 mitterent
385 1268 502 1320 alterum
516 1285 531 1321 e
545 1269 717 1333 consulibua,
734 1270 781 1337 qui
795 1285 890 1320 senem
902 1287 932 1322 se

130 1351 158 1396 et
177 1345 310 1396 salumin
325 1350 500 1412 conspectum
514 1359 610 1396 eorum
626 1360 686 1395 cum
702 1344 796 1413 aliquo
812 1345 932 1396 militari

129 1419 269 1486 praesidio
281 1418 450 1486 perduceret.
490 1419 537 1472 sio
546 1434 655 1488 quoque
666 1419 806 1483 diffidens,
826 1421 931 1471 tumul-

129 1501 241 1561 tumque
260 1499 396 1558 metuene‚
417 1489 538 1546 Drusum
552 1499 693 1561 nepotem,
715 1509 795 1562 quem
809 1495 931 1546 vinculis

131 1568 221 1620 adhuc
230 1568 335 1621 Romae
346 1570 516 1632 continebat,
532 1569 616 1633 solvi,
632 1569 710 1620 sires
721 1576 863 1636 posceret,
880 1571 931 1622 du-

130 1659 242 1711 cemque
263 1645 395 1695 constitui
413 1649 602 1710 praeceperam
632 1645 734 1711 aptatis
752 1645 836 1696 etiam
851 1648 930 1697 navi-

128 1719 189 1782 bus,
197 1717 232 1768 ad
243 1733 419 1787 quascunque
430 1718 552 1786 legiones
563 1719 748 1772 meditabatur
757 1719 930 1789 iugam,spe-

130 1792 300 1843 rimabundus
310 1807 344 1845 ex
355 1793 491 1844 altissima
501 1809 569 1860 rupe
578 1794 727 1846 identidem
742 1795 834 1862 signa,
847 1812 930 1863 quae,

128 1884 162 1920 ne
171 1869 268 1920 nuncii
277 1870 530 1933 morarentru,tolli
538 1869 812 1938 procul,utquidque
822 1869 930 1934 sachun

128 1942 210 2008 foret,
221 1945 409 1998 mandaverat.
438 1943 539 1998 Verum
552 1949 580 1998 et
589 1959 722 2012 oppressa
733 1945 929 1999 ooniauatiouo

65 2073 67 2077 ,
129 2019 224 2072 Seiani
242 2019 330 2077 nihilo
351 2021 475 2072 seoudor
494 2026 542 2072 aut
561 2021 745 2084 constantior,
765 2036 816 2087 per
828 2037 930 2076 novem

128 2097 271 2161 proximos
282 2112 389 2148 menses
398 2111 454 2148 non
464 2110 591 2163 egressus
602 2100 644 2148 est
657 2095 737 2160 villa,
759 2111 831 2164 quae
844 2112 930 2150 voca·

127 2168 265 2222 turlovis.

183 2242 283 2296 LXVI.
303 2246 426 2298 Urebant
447 2246 560 2313 insuper
580 2248 691 2299 anxiam
710 2251 829 2300 mentem
847 2249 930 2300 varia
1005 2229 1006 2302 i

127 2320 249 2390 undique
260 2321 394 2386 convicia,
404 2320 482 2373 nidlo
492 2336 549 2373 uon
564 2322 756 2374 damnatorum
772 2337 853 2375 omne
863 2340 930 2392 pro-

127 2396 172 2449 bri
181 2411 267 2465 genus
278 2396 431 2461 eoram,vel
440 2413 489 2464 per
500 2397 611 2450 libellos
620 2399 649 2449 in
660 2396 928 2465 orchestrapositos,

126 2471 275 2540 ingerente.
307 2471 413 2533 Quibus
424 2472 534 2542 quidem
545 2473 729 2526 diversissime
740 2473 929 2526 afficiebatur
1005 2495 1006 2530 ι

127 2548 225 2614 modo,
245 2554 277 2600 ut
290 2562 356 2616 prae
370 2549 477 2616 pudore
490 2549 588 2616 ignota
598 2555 626 2602 et
636 2548 725 2602 aelata
737 2555 835 2600 amota
845 2555 930 2617 eupe-
1005 2535 1006 2568 ¹

127 2629 182 2685 ret3
206 2639 402 2694 nonnunquam
419 2623 514 2677 eadem
530 2629 726 2689 contemneret,
747 2630 775 2676 et
789 2624 931 2692 proferret

127 2697 201 2750 ultro
214 2705 295 2766 atque
305 2699 439 2767 utlgaret.
479 2700 553 2760 Quin
563 2707 591 2752 et
599 2699 746 2763 Artabani,
758 2697 928 2752 Parthorum

127 2771 220 2836 regis,
235 2773 373 2828 laceratus
388 2781 430 2830 est
444 2776 545 2840 literis,
566 2773 718 2848 parricidia
732 2780 759 2826 et
779 2775 878 2832 caedes
887 2792 891 2806 ·
900 2785 928 2832 et
1005 2813 1006 2820 κ

996 2853 1006 3008 i
