2044 3028
236 727 539 796 LUCANI
591 727 790 798 VITA.

422 905 591 928 m

171 1015 232 1098 Μ.
243 1046 379 1098 Anninus
389 1045 538 1109 Lucanus,
555 1041 752 1105 Cordubensis,
768 1040 859 1108 prima
868 1040 897 1091 in

115 1119 190 1188 genii
210 1121 395 1188 experimenta
413 1121 443 1173 in
456 1119 575 1175 Neronis
595 1117 725 1170 laudibus
739 1115 816 1168 dedit
831 1115 907 1181 quin·

116 1194 246 1264 quennali
257 1197 413 1248 certamine.
451 1195 523 1247 Dein
534 1193 613 1246 civile
624 1193 738 1256 bellum,
760 1190 836 1260 quod
848 1205 907 1242 cum

115 1267 249 1336 Pompeio
260 1277 288 1320 et
298 1271 415 1322 Caesare
425 1277 532 1338 gestum
542 1275 595 1333 cst,
606 1268 743 1320 recitavit.
783 1266 840 1330 Qui
849 1272 906 1316 tan-

115 1350 161 1394 tae
171 1343 292 1396 levitatis
302 1351 330 1398 et
339 1353 396 1398 tam
410 1346 606 1398 immoderatae
620 1345 732 1410 linguae
745 1341 813 1406 fuit,
834 1341 906 1391 utin

115 1417 287 1486 praefatione
299 1415 418 1490 quadam
428 1426 545 1474 aetatem
555 1426 583 1472 et
591 1419 672 1470 initia
682 1433 734 1470 sua
745 1433 807 1468 cnm
819 1415 906 1482 Virgi-

115 1492 155 1544 lio
170 1508 341 1562 comparans,
363 1512 446 1548 ausus
466 1497 503 1548 sit
523 1495 625 1562 dicere:
650 1501 678 1546 et
695 1500 821 1560 quantum
843 1490 908 1541 mitt

116 1569 245 1620 restatad
255 1569 384 1622 widem?
421 1569 477 1621 Hic
489 1567 570 1625 initio
586 1567 802 1632 adolescentiae,
824 1582 908 1634 quum

118 1644 153 1695 ob
168 1642 296 1694 infestum
310 1645 515 1714 matrimonium
528 1651 633 1714 patrem
648 1659 728 1694 suum
746 1642 806 1696 ruri
827 1655 907 1708 agere

117 1717 198 1783 longe
209 1720 395 1784 cognovisset,
415 1731 560 1772 revocatus
569 1719 680 1772 Athenis
692 1716 842 1780 aNerone,
863 1732 908 1767 co·

44 1807 46 1812 ·
116 1790 243 1859 hortique
255 1793 406 1846 amicorum
420 1795 542 1860 additus,
564 1801 645 1861 atque
660 1792 742 1845 ctiam
757 1797 909 1862 quaestura
1008 1815 1009 1820 =

117 1864 281 1932 honoratus,
301 1885 356 1921 non
372 1877 462 1921 tamen
475 1869 625 1937 permansit
637 1869 666 1919 in
676 1868 775 1934 gratia.
816 1866 908 1933 Siqui-

118 1941 177 1991 dem
190 1942 381 2008 aegreferens‚
397 1945 581 2007 recitantem,
597 1944 703 2006 subito,
722 1941 909 1993 acnnllanisi

116 2017 298 2083 refrigerandi
308 2021 352 2070 sui
362 2035 472 2083 caussa,
482 2019 587 2070 indicto
599 2025 707 2082 senatu,
718 2017 855 2069 Neronem
866 2033 909 2068 re·

119 2092 245 2142 cessisse:
268 2109 356 2162 neque
375 2096 466 2146 verbis
487 2095 616 2145 adversus
636 2093 798 2161 principem,
818 2107 909 2160 neque

116 2165 198 2216 factis
219 2169 389 2220 exstantibus
409 2167 559 2234 posthaec
583 2167 755 2236 temperavit:
786 2167 856 2217 adeo
877 2175 912 2218 ut
1008 2185 1009 2188 ¹

118 2240 256 2308 quondam
266 2242 295 2292 in
306 2241 417 2294 latrinis
428 2243 559 2311 publicis,
582 2239 698 2295 clariore
714 2242 831 2309 strepitu
844 2257 911 2292 ren-

117 2316 168 2366 tris
178 2315 287 2380 emisso,
298 2314 504 2370 homestichium
514 2317 645 2381 Neronis,
655 2332 755 2385 magna
765 2331 911 2368 consesso—
1008 2339 1009 2342 ¹

117 2404 178 2440 rum
197 2389 275 2457 fuga,
295 2393 497 2458 pronunciarit:
527 2393 572 2444 sod
594 2391 671 2444 terris
691 2391 803 2444 tenuius
818 2400 909 2459 putes.

118 2461 172 2514 Sed
182 2470 209 2514 et
218 2463 326 2517 famoso
339 2468 457 2518 camnine
468 2483 549 2534 quum
560 2468 663 2535 ipsum,
679 2475 736 2520 tum
750 2467 911 2537 potentissi-

117 2551 178 2588 mos
190 2539 348 2606 amicorum,
359 2543 520 2610 gravissime
529 2543 672 2611 proscidit.

148 2667 150 2672 ,
173 2611 214 2663 Ad
225 2620 373 2668 extremum
383 2632 469 2684 paene
480 2617 593 2685 signifer
603 2618 770 2670 Pisonianae
781 2618 913 2670 coniura-

117 2683 201 2738 tionis
211 2689 328 2740 exstitit:
349 2693 450 2744 multus
464 2692 493 2744 in
508 2693 598 2762 gloria
611 2694 849 2767 tyrannicidarum
862 2710 914 2772 pa·
