2044 3028
78 191 127 248 iis
356 197 383 244 o.
405 190 595 245 svnrourt

77 336 132 392 gna
141 321 225 376 man
239 318 426 392 prolessorum
437 335 470 374 ae
479 321 624 374 deuterum
638 319 771 388 proilunlt
781 320 879 388 eopia,

79 397 204 469 adeoque
213 397 320 463 floruit,
334 404 366 449 nt
378 395 504 450 nonnulli
513 409 547 449 ex
556 396 651 448 initura
664 394 779 449 lorinus
787 396 819 448 ln
830 411 878 448 or·

77 473 168 528 ilneru
179 473 347 527 senatorium
358 479 441 542 atque
451 471 487 524 ail
497 468 748 525 summoslronores
761 487 878 540 prooes-

77 549 188 678 mgtetl
197 624 271 678 ratio
281 623 400 676 docenii
409 637 459 676 neo
467 637 524 675 una
535 573 673 690 omnibus,
689 639 742 676 neo
755 623 877 692 singulis

77 701 171 754 eadem
182 715 288 768 semper
297 698 363 762 init;
374 697 485 767 quanio
495 699 573 752 varlo
579 699 661 752 motio
667 699 784 769 quisque
790 698 877 750 discl-

78 775 158 846 pulos
182 778 368 828 exercuerunt.
416 771 488 826 Nam
511 780 540 827 et
562 774 637 826 diota
660 774 804 842 praeclare
824 789 877 842 per

79 865 172 904 omnes
196 849 311 918 flemus,
331 863 381 917 per
401 863 500 913 casus3
525 855 554 901 et
572 849 708 918 apologos
728 848 812 901 aliter
832 855 875 900 at-

78 941 130 997 que
142 926 224 978 aliter
232 939 382 995 exponere:
397 929 425 978 et
433 925 606 977 narrationes
616 939 698 993 quum
708 924 830 977 lrrerlter
840 939 876 976 ae

77 1016 183 1070 presse,
198 1006 257 1052 tunr
271 999 355 1052 latins
368 1005 396 1052 et
407 1000 520 1052 ubertus
534 999 673 1067 explicare
687 1005 875 1053 conruerunt:

78 1077 213 1129 interium
223 1075 391 1128 Graecorum
404 1075 508 1145 erripta
522 1081 692 1140 convertere,
709 1075 828 1127 aesiros
838 1074 875 1125 il-

79 1153 177 1206 lustres
191 1151 318 1216 laudare,
333 1149 378 1204 vel
390 1151 565 1218 vituperarer
585 1150 720 1218 quaedam
735 1149 820 1202 etiam
836 1150 874 1200 ad

77 1243 156 1280 usum
171 1227 323 1280 eommunis
337 1227 411 1278 ritae
425 1225 566 1290 instituta,
580 1231 638 1276 tum
648 1225 731 1277 utilia
741 1231 770 1277 et
779 1241 874 1278 neces-

77 1303 165 1368 saria,
185 1307 242 1354 rum
262 1301 419 1370 perniciosa
438 1306 467 1353 et
484 1315 688 1368 supervacanea
708 1300 873 1354 ostendere:

77 1393 159 1446 sac-pe
178 1376 281 1430 tabulis
301 1377 380 1428 iidem
401 1375 519 1441 firmare,
540 1380 589 1428 aut
607 1373 732 1428 historiis
752 1375 870 1439 demere,

77 1453 151 1522 quod
165 1467 250 1522 genus
266 1450 350 1507 orara
365 1457 392 1504 et
404 1445 547 1507 ἀνασκιινὰς
560 1457 588 1503 et
602 1445 760 1506 κατασκευὰς
770 1449 874 1502 Graeci

77 1535 194 1582 vocant:
215 1528 303 1580 iouee
316 1527 416 1579 renum
431 1524 500 1578 haee
513 1525 701 1592 exoleverunt,
718 1531 746 1580 et
759 1525 796 1578 ad
807 1541 874 1578 con-

77 1604 237 1658 troversiam
258 1607 367 1654 senmrn
386 1606 437 1653 est.
476 1600 589 1654 vetere·
605 1599 804 1654 controversiae
824 1606 875 1654 aut

76 1695 109 1733 ox
119 1677 244 1732 historiis
258 1674 449 1740 trahebantur,
469 1675 543 1728 siout
550 1691 617 1728 sane
626 1676 775 1729 nonnullae
784 1692 875 1744 usque

77 1752 183 1807 oihuo:
204 1757 253 1804 ant
265 1765 299 1804 ex
312 1751 428 1804 veritate
443 1767 477 1804 ae
485 1766 528 1818 re,
539 1752 564 1803 sl
574 1767 629 1820 qna
638 1751 711 1805 torte
720 1766 816 1805 reeens
827 1767 874 1804 ae-

77 1831 197 1882 ciilseet
237 1827 332 1896 ltaque
347 1826 471 1880 locorum
482 1827 565 1882 etiam
580 1826 813 1896 appellationibus
825 1827 874 1878 ad-

77 1905 142 1958 ditis
157 1903 276 1974 proponi
290 1902 425 1956 solebant.
456 1901 512 1955 'Sic
531 1907 603 1956 certe
620 1903 753 1955 collectae
767 1902 875 1955 eiltae·

78 1997 129 2050 que
144 1995 174 2033 se
188 1978 305 2031 habent:
326 1978 470 2048 exquibus
484 1992 539 2030 nou
550 1976 670 2031 alienum
680 1976 777 2044 luerit,
787 1993 874 2029 unam

77 2062 105 2108 rt
118 2056 232 2108 alteram
247 2054 364 2122 exempli
380 2067 478 2106 caussa
493 2052 653 2106 adverbum
669 2051 780 2106 reterre.
819 2052 875 2104 Ae·

77 2130 141 2184 sts'so
156 2140 270 2197 tempore
283 2129 456 2182 adolescentes
470 2126 567 2180 urlani
579 2143 658 2196 quum
670 2125 774 2181 Ostiam
788 2128 874 2180 tenir·

76 2213 144 2270 sent,
156 2204 218 2258 titur
232 2203 357 2275 ingressi,
370 2203 515 2272 piscatores
529 2202 663 2257 trahentes
677 2212 732 2256 rete
742 2201 833 2256 aris'ere
847 2213 876 2256 et

72 2281 197 2350 pepigere
207 2279 292 2332 bolom
307 2278 401 2348 quanti
410 2287 543 2332 eruerent:
562 2279 806 2332 nummossolrerer
825 2279 875 2330 ris'u

76 2361 300 2424 exspectaverunt,
322 2353 382 2406 dum
402 2353 471 2406 retia
490 2353 710 2408 extraherentur:
729 2353 874 2421 aliquando

77 2429 215 2491 extractis,
228 2427 308 2496 piscis
323 2430 406 2481 rullus
419 2427 515 2500 insuit,
531 2429 577 2482 sed
589 2437 678 2498 sporta
692 2427 755 2480 uurs'
767 2429 872 2481 obtutu.

79 2499 147 2554 Tum
160 2511 287 2570 emptorer
301 2502 385 2555 bolom
400 2517 474 2554 suum
488 2503 576 2568 aiunt,
583 2503 729 2573 piscatores
738 2519 822 2557 suum.
833 2531 874 2545 —-

80 2573 211 2630 venalicii
220 2591 298 2644 quum
309 2575 448 2652 Brundips'r'
454 2593 565 2648 gregem
574 2579 703 2632 nennium
713 2598 728 2632 e
737 2579 801 2631 naos'
809 2579 873 2632 edu-

76 2659 176 2713 cerent,
184 2650 306 2720 formoso
320 2661 347 2703 et
356 2651 472 2720 pretioso
484 2667 566 2720 puero
571 2691 579 2716 ‚
596 2654 666 2722 quot
675 2653 819 2722 portitores
829 2671 873 2710 re·

77 2720 209 2788 'abortum
222 2724 315 2776 iniiam
327 2733 353 2777 et
364 2734 529 2794 praetextam
545 2738 635 2800 togam
649 2729 794 2797 imposuere
797 2747 811 2794 ,⁶
819 2729 872 2802 fu·¹
