2036 3022
211 192 485 242 VESPASIANUS.
522 197 598 244 CAP.
618 198 641 242 4.
660 199 682 242 5.
799 195 848 250 303

50 319 194 389 proximas
206 333 314 385 quoque
327 316 479 390 [civitates]
493 321 627 371 convertit
635 321 664 371 in
676 337 713 386 se,
725 328 849 374 correcta

51 395 146 446 statim
163 399 316 445 castrorum
332 394 491 463 disciplina,
506 411 617 462 unoque
628 401 655 446 et
670 395 757 448 altero
768 412 847 465 proe-

50 471 90 521 lio
102 476 160 521 tam
172 474 328 521 constanter
337 471 420 533 inito,
436 475 469 520 ut
481 472 509 520 iu
521 471 726 539 oppugnatione
741 472 849 524 castelli

50 544 154 612 lapidis
164 545 248 594 ictum
259 559 337 611 genu,
349 552 426 595 scuto
438 546 554 611 sagittas
566 546 673 615 aliquot
682 548 828 615 exceperit.

108 618 143 670 V.
164 619 232 670 Post
242 619 378 670 Neronem
390 619 574 687 Galbamque,
587 619 695 673 Othone
706 629 788 693 atque
797 621 846 674 Vi-

51 693 130 746 tellio
142 693 175 745 de
185 695 341 761 principatu
356 695 536 760 certantibus,
551 697 580 747 in
595 713 670 764 spem
683 698 794 764 imperii
803 714 847 749 vc·

51 771 100 832 nit,
112 770 169 819 iam
180 769 284 835 pridem
295 770 349 819 sibi
359 785 407 835 per
417 767 485 820 haec
496 777 604 823 ostenta
615 780 782 840 conceptam.
816 773 846 823 lu

53 845 211 895 suburbano
230 843 389 894 Flaviorum
410 860 525 912 quercus
546 847 677 915 antiqua,
699 864 768 914 quae
788 854 847 899 crat

52 919 139 969 Marti
158 924 279 982 sacrata,
299 934 348 986 per
367 924 422 968 tres
432 918 583 984 Vespasiae
594 927 701 987 partus,
722 922 846 989 singulos

52 999 163 1062 repente
177 1009 269 1043 ramos
284 1009 301 1042 a
315 993 414 1044 frutice
429 993 517 1058 dedit,
532 993 606 1044 haud
621 995 705 1046 dubia
716 997 795 1063 signa
804 997 845 1046 iu·

52 1070 109 1119 turi
129 1069 260 1136 cuiusque
280 1067 349 1118 fati:
369 1068 495 1135 primum,
516 1069 614 1120 exilem
635 1077 662 1120 et
682 1071 736 1121 cito
758 1070 845 1122 arefa-

53 1151 144 1206 ctum,
165 1143 282 1212 ideoque
297 1144 389 1210 puella
402 1149 469 1194 nata
482 1139 538 1194 non
552 1146 730 1209 perannavit:
751 1162 844 1196 secuu-

11 1241 13 1296 3
52 1220 129 1278 dum,
141 1217 328 1287 praevalidum
343 1234 376 1270 ac
386 1219 538 1285 prolixum,
550 1221 635 1287 etqui
648 1235 775 1287 maguam
785 1220 845 1271 feli-

51 1295 164 1345 citatem
184 1293 374 1361 portenderet:
404 1295 515 1344 tertium
534 1310 599 1346 vero
619 1295 708 1346 instar
728 1296 844 1347 arboris.

53 1371 145 1432 Quare
166 1376 271 1436 patrem
292 1366 423 1418 Sabinum
446 1367 537 1419 ferrmt
556 1368 714 1437 haruspicio
734 1371 845 1438 insuper

52 1444 242 1495 confirmatum
253 1443 427 1494 renunciasse
438 1445 532 1508 matri,
543 1454 661 1512 nepotem
672 1445 697 1497 ei
707 1444 845 1496 Caesarem

49 1519 191 1590 genitum:
210 1533 259 1569 nec
278 1518 354 1568 illam
376 1520 521 1585 quicquam
542 1519 617 1571 aliud
638 1537 719 1588 quam
737 1519 844 1572 cachin-

50 1611 140 1659 uasse,
153 1595 309 1657 mirantem,
322 1594 398 1659 quod,
411 1595 496 1646 adbuc
506 1611 532 1645 se
542 1596 635 1648 ruentis
646 1604 771 1664 compote,
783 1595 845 1646 deli·

50 1678 124 1721 rarel
143 1670 198 1719 iam
210 1667 287 1737 filius
306 1685 375 1718 auus.
414 1669 495 1733 Mox,
511 1687 593 1736 quum
608 1672 723 1723 aedilem
738 1687 798 1722 eum
815 1671 844 1722 C.

52 1747 167 1808 Cacsar,
179 1759 340 1795 succensens
350 1750 463 1810 propter
473 1761 566 1796 curam
576 1747 715 1798 verrendis
725 1747 778 1798 viis
789 1763 844 1797 non

51 1820 217 1882 adhibitam,
234 1819 292 1870 luto
303 1819 429 1870 iussisset
440 1820 559 1885 oppleri,
575 1829 705 1888 congesto
716 1838 765 1889 pcr
774 1822 845 1872 mili-

50 1903 92 1948 tes
101 1896 131 1946 iu
141 1900 301 1961 praetextae
312 1895 414 1956 sinum,
426 1910 481 1944 non
492 1893 644 1957 defuerunt,
656 1897 704 1963 qui
713 1896 845 1963 interpre-

50 1977 190 2034 tarentur,
202 1969 366 2036 quaudoque
377 1969 565 2034 proculcatam
577 1969 766 2035 desertamque
776 1985 845 2020 rem-

52 2047 190 2114 publicam
206 2043 281 2095 civili
295 2045 389 2110 aliqua
404 2045 609 2112 perturbatione
622 2046 652 2096 in
662 2044 775 2108 tutelam
786 2045 845 2096 eius

52 2139 84 2172 ac
103 2121 179 2172 velut
198 2121 227 2169 iu
246 2121 378 2186 gremium
399 2121 583 2172 deventuram.
635 2119 790 2174 Prandente
811 2135 845 2171 co

50 2197 201 2265 quondam,
214 2195 290 2244 cauis
302 2196 437 2245 extrarius
447 2195 568 2248 triclinio
581 2212 689 2247 manum
699 2195 845 2247 humanam

48 2271 155 2335 intulit,
172 2285 334 2336 mensaeque
348 2270 473 2320 subiecit.
519 2271 657 2322 Coeuante
671 2287 778 2335 rursus,
793 2272 845 2322 bos

50 2353 155 2409 arator,
178 2345 292 2395 decusso
308 2345 383 2410 iugo,
404 2344 553 2396 triclinium
566 2347 674 2415 irrupit,
696 2363 728 2397 ac
742 2345 845 2413 fugatis

50 2422 198 2483 ministris,
215 2419 294 2487 quasi
309 2426 418 2485 repente
434 2419 568 2484 defessus,
585 2421 705 2488 procidit
719 2421 754 2473 ad
768 2421 845 2487 ipsos

52 2495 238 2547 accumbentis
253 2494 348 2561 pedes,
369 2495 553 2562 cervicemque
569 2496 713 2547 summisit,
756 2495 846 2546 Arbor

50 2587 115 2622 vero
128 2585 273 2636 cupressus
287 2569 316 2618 iu
333 2585 399 2636 agro
412 2570 485 2619 avito
498 2571 556 2620 sine
566 2571 624 2620 ulla
633 2572 661 2620 ri
674 2572 847 2637 tempestatis

51 2647 147 2698 evulsa
157 2645 291 2696 radicitus
303 2649 384 2712 atque
395 2650 547 2712 prostrata,
562 2639 716 2711 insequenti
726 2645 770 2696 die
780 2646 845 2695 viri-

51 2723 113 2775 dior
125 2739 159 2773 ac
170 2721 274 2770 tirmior
284 2720 441 2772 resurrexit.
480 2719 515 2769 At
528 2720 556 2768 in
568 2717 671 2771 Achaia
685 2720 845 2786 somniavit,
