2050 3034
222 233 224 236 '
256 239 445 287 TIBERIUS.
476 235 559 286 ”esu
579 240 695 286 tsi-si.
824 242 874 296 143

130 363 207 414 LIII.
227 363 334 415 Nurum
352 365 543 434 Agrippinam,
564 369 762 431 postmortem
782 370 875 422 mariti

75 439 192 493 liberius
208 439 339 506 quiddam
354 446 486 508 questam,
496 455 580 491 maun
591 439 777 507 apprehendit,
790 441 874 495 Grae-

75 531 165 583 coque
175 530 265 579 versu,
277 514 308 565 Si
316 531 368 567 non
379 515 530 578 dominaris,
538 517 635 583 inquit,
640 515 738 585 filiolo,
748 516 875 570 iniuriam

73 601 99 643 te
110 589 232 658 accipere
242 588 393 642 cristinus?
405 607 456 643 uec
465 591 527 642 ullo⁴
535 605 600 642 mox
610 607 735 644 sermone
746 592 874 660 dignanrs

71 671 124 717 est.
166 665 313 726 Quondam
326 681 393 718 vero
407 667 480 718 inter
494 681 608 718 coenem
618 673 747 733 porrecta
758 683 775 720 a
785 683 814 720 se
824 684 873 735 po·

70 756 119 792 ma
129 745 243 808 gustare
253 755 309 791 non
319 743 513 804 ausam,etiam
522 756 623 794 vocare
633 741 871 810 desiitsimulans,

70 816 173 868 veneni
183 832 212 866 se
224 817 337 868 crimine
348 819 464 878 arcessi3
477 823 871 883 quumprsestruetumntrum-

72 906 127 958 que
139 890 267 942 consulto
279 896 397 955 essetut
406 898 434 942 et
443 893 502 958 ipse
510 893 637 944 tentandi
647 894 738 960 gratia
749 893 870 961 offerret,

72 971 101 1016 et
110 965 162 1016 illa
173 967 255 1032 quasi
270 968 452 1018 certissimum
466 968 581 1018 exitium
592 973 707 1019 caveret.
746 969 871 1022 Novissi-

71 1055 116 1092 me
128 1040 322 1104 calumniatus,
334 1042 416 1093 modo
428 1042 464 1092 ad
474 1046 594 1092 statuam
604 1043 729 1108 Augusti,
740 1045 823 1094 modo
836 1045 871 1096 ad

71 1115 212 1167 exercitus
234 1115 381 1183 confugere
401 1117 484 1180 velle,
505 1115 702 1166 Pandatariam
725 1117 870 1186 relegavit3

72 1190 297 1258 conviolantique
312 1192 421 1242 oculum
439 1207 488 1258 per
507 1191 692 1244 centurionem
711 1193 871 1244 verberibus

70 1267 203 1317 excussit.
243 1265 347 1316 Rursus
368 1268 439 1317 mori
457 1267 552 1317 inedia
566 1265 726 1330 destinanti,
747 1269 870 1334 pervim

71 1356 121 1392 ore
132 1340 261 1405 diducto,
271 1341 396 1395 infulciri
407 1343 496 1392 cibum
506 1341 597 1392 iussit.
637 1341 690 1392 Sed
706 1348 733 1393 et
746 1355 869 1408 perseve-

69 1421 191 1479 rantem,
208 1421 290 1483 atque
300 1417 341 1466 ita
352 1417 536 1481 absumptam,
556 1415 783 1470 criminosissime
798 1419 868 1470 inse-

70 1495 164 1542 ctatus
175 1497 227 1554 est,
244 1507 327 1557 quum
342 1491 413 1542 diem
424 1505 533 1558 quoque
543 1492 662 1542 natalem
674 1493 732 1544 eius
742 1493 814 1544 inter
822 1510 868 1545 ue-

69 1565 163 1616 fastos
174 1565 347 1618 referendum·
354 1567 495 1617 suasisset.
533 1565 681 1632 Imputavit
692 1567 783 1630 etiam,
795 1568 870 1634 quod

69 1655 130 1692 non
150 1639 249 1707 laqueo
274 1641 475 1708 strangulatam
498 1643 528 1692 in
549 1640 698 1693 Gemonias
724 1641 868 1693 abiecerit:

69 1730 179 1783 proque
189 1716 241 1767 tali
256 1717 400 1768 clementia
410 1717 549 1783 interponi
560 1718 698 1768 decretum
709 1731 807 1782 passus
818 1723 867 1782 est,

71 1806 128 1858 qno
140 1791 194 1842 sibi
204 1792 311 1859 gratiae
322 1799 474 1860 agerentur,
487 1798 514 1842 et
523 1792 680 1858 Capitolino
691 1791 752 1844 Iovi
767 1793 868 1844 donum

49 1863 104 1917 'ex
116 1882 185 1917 auro
197 1872 361 1918 sacraretur.
481 1923 484 1928 ,

126 1940 192 1992 LIV
194 1979 200 1993 .
213 1942 303 2003 Quum
314 1957 348 1994 ex
359 1941 523 1993 Geruranico
534 1947 591 1991 tres
601 1945 724 2007 nepotes,
730 1939 867 1992 Neronem
915 1942 918 1950 '

69 2023 97 2067 et
107 2015 231 2068 Drusum
247 2022 276 2086 et
289 2017 396 2081 CaIum,
418 2032 452 2068 ex
462 2016 554 2066 Druso
569 2031 655 2066 unum
664 2015 806 2065 Tiberium
821 2014 868 2066 ha-

69 2093 160 2157 beret,
176 2091 324 2148 destitutus
335 2099 422 2143 morte
432 2093 595 2154 liberorum,
611 2089 747 2141 maximos
757 2096 824 2142 natu
835 2090 868 2142 de

70 2165 232 2218 Genuenici
241 2167 318 2230 tiliis,
335 2166 473 2219 Neronem
483 2174 510 2219 et
521 2167 654 2230 Drusum,
666 2166 792 2232 patribus
803 2181 867 2220 con·

68 2242 182 2308 scriptis
197 2242 410 2304 commendavit3
431 2243 557 2312 diemque
570 2243 714 2308 utriusque
732 2243 866 2306 tirocInii,

69 2316 214 2384 congiarIo
225 2317 302 2382 plebi
312 2317 391 2380 dato,
413 2317 570 2369 celebravit.
610 2316 663 2368 Sed
678 2322 709 2367 ut
723 2319 866 2384 comperit,

67 2392 179 2443 irrcnnte
195 2407 267 2442 anuo
283 2407 333 2458 pro
349 2406 444 2443 eorum
460 2407 568 2459 quoqne
583 2392 671 2442 salute
681 2391 790 2457 puifflce
800 2396 867 2442 vota

69 2472 210 2532 suscepta,
232 2468 288 2533 egit
303 2483 363 2517 cum
377 2471 487 2530 senatu,
509 2485 560 2518 non
571 2467 661 2517 debere
672 2465 738 2517 tolia
744 2464 867 2532 promia

69 2541 162 2604 tribui,
184 2539 238 2592 nisi
251 2541 365 2608 expertis
379 2549 407 2592 et
419 2549 506 2592 aetate
515 2541 661 2608 provectis.-
681 2545 763 2604 atque
778 2555 811 2590 ex
822 2553 865 2600 eo,

69 2615 210 2680 patefacta
219 2616 351 2667 interiore
363 2617 447 2666 animi
457 2617 501 2665 sui
510 2621 590 2678 nota,
607 2613 728 2664 omnium
739 2613 866 2663 crimina·

67 2691 192 2742 tionibus
207 2691 345 2742 obnoxios
365 2689 498 2741 reddidits
521 2690 653 2752 variaque
671 2685 769 2737 fraude
787 2685 866 2736 indu·

70 2771 176 2832 ctos‚ut
185 2771 214 2817 et
224 2766 429 2818 concitarentur
439 2764 475 2816 ed
486 2763 655 2825 convicia,et
665 2761 796 2812 concitati
806 2773 865 2828 per-
