2036 3022
362 251 472 302 nuno.
509 251 703 301 car.r-11.
860 250 927 326 ,231

129 378 239 432 Divisis
253 379 357 448 populo
370 381 474 432 viritim
489 380 685 449 quadringenis
704 379 834 446 nummis,
850 397 927 435 sena·

128 462 225 508 torum
235 454 409 507 nobilissimo
422 457 532 523 cuique,
544 456 593 516 sed
604 471 659 507 are
669 453 804 507 familiari
814 456 927 510 destitu-

128 537 271 595 to,annua
282 529 397 596 salaria,
410 539 436 583 et
447 532 610 599 quibusdam
622 532 760 600 quingena
771 532 927 584 constituit:

129 607 198 657 item
208 607 392 673 praetorianis
409 605 569 659 cohortibus
583 606 749 658 frumentum
759 613 928 658 menstruum

104 693 111 708 ⁰
128 681 291 748 gratrritum.
330 681 367 733 Et
381 698 463 750 quum
478 682 511 734 de
527 682 662 751 supplicio
679 682 821 734 cuiusdam
837 684 928 750 capite

129 756 269 822 damuati,
293 763 325 807 ut
344 772 378 808 cx
397 772 474 808 more
494 759 688 823 subscriberet,
714 757 926 810 admoneretur:

132 831 223 895 Quam
232 831 328 894 vellem,
339 832 442 900 inquit,
453 830 552 882 nescire
562 831 667 884 literas!
704 833 804 884 Omnes
816 833 926 884 ordines

129 906 249 958 subinde
260 923 293 957 ac
302 907 461 958 memoriter
471 905 609 957 salutavit.
638 907 737 974 Agenti
746 909 855 960 senatui
864 923 926 976 gra-

128 983 200 1045 tias,
224 982 384 1050 respondit:
418 981 504 1045 Quum
523 997 650 1032 meruero·
698 982 740 1032 Aa
761 990 926 1052 campestres

130 1055 344 1109 exercitationes
355 1071 420 1107 suas
432 1055 543 1106 admisit
553 1061 580 1106 et
588 1055 704 1123 plebem,
711 1055 928 1124 declamauitque

131 1132 244 1198 saepius
254 1133 363 1198 publice
375 1150 381 1182 :
401 1132 529 1183 recitavit
539 1135 566 1182 et
576 1130 707 1194 carmina,
718 1147 772 1182 uon
784 1131 867 1184 modo
879 1133 927 1182 do-

130 1207 183 1270 mi,
199 1207 248 1258 sed
258 1207 323 1258 etin
333 1205 455 1273 theatro,
471 1212 549 1257 tanta
562 1205 751 1257 universorum
762 1205 882 1272 laetitia,
897 1212 929 1257 ut

131 1283 169 1334 ob
185 1283 376 1334 recitationem
391 1282 556 1350 supplicatio
572 1280 682 1332 decreta
696 1281 745 1345 sit,
767 1286 849 1350 atque
862 1297 928 1350 pars

131 1356 283 1408 carminum
295 1359 385 1408 aureis
395 1357 484 1408 literis
494 1357 554 1408 lovi
567 1355 723 1424 Capitolino
736 1356 838 1408 dicata.

187 1431 236 1483 Xl.
257 1431 482 1500 Spectaculorum
497 1432 616 1501 plurima
630 1439 658 1482 et
671 1431 750 1482 varia
759 1447 860 1500 genera
871 1432 927 1484 edi·

130 1506 186 1572 dit,
199 1507 355 1574 iuvenales,
372 1507 526 1572 Circenses,
542 1507 666 1558 scenicos
681 1507 777 1572 ludos,
788 1509 926 1576 gladiato-

131 1583 203 1634 rium
218 1598 324 1634 munus.
363 1583 537 1636 Iuvenalibus
548 1599 626 1635 senes
637 1597 746 1652 quoque
758 1584 925 1646 consulares,

129 1673 256 1724 anusque
276 1663 416 1709 matronas
436 1659 540 1726 recepit
560 1658 595 1709 ad
611 1659 710 1710 lusum.
751 1658 926 1711 Circensibus

127 1734 195 1784 loca
215 1733 301 1802 equiti
321 1741 425 1784 secreta
445 1750 462 1783 a
482 1735 579 1784 ceteris
599 1734 714 1785 tribuit:
736 1735 926 1801 commisitque

128 1808 215 1860 etiam
230 1809 395 1861 camelorum
411 1808 568 1874 quadrigas.
611 1807 713 1871 Ludis,
730 1825 799 1877 quos
814 1825 865 1876 pro
882 1823 926 1858 ae-

128 1883 260 1935 tcrnitate
269 1884 379 1951 imperii
390 1887 532 1950 susceptos
543 1882 679 1949 appellari
686 1879 817 1933 Maximus
826 1883 925 1944 voluit,

127 1975 162 2010 cx
176 1964 295 2026 utroque
311 1958 406 2009 ordine
422 1965 449 2009 et
468 1972 534 2008 sexu
553 1957 677 2025 plerique
691 1956 813 2007 ludicras
833 1961 926 2023 partes

127 2033 327 2084 sustinuerunt.
355 2033 524 2085 Notissimus
535 2047 618 2100 eques
628 2031 769 2082 Romanus
779 2029 925 2096 elephanto

127 2107 309 2177 supersedens
324 2125 372 2174 per
388 2108 576 2160 catadromum
598 2106 761 2158 decucurrit.
810 2105 926 2156 inducta

126 2190 171 2236 est
190 2190 218 2235 et
231 2182 338 2234 Afranii
356 2189 466 2250 togata,
488 2199 558 2251 quae
573 2179 726 2234 incendium
745 2181 925 2240 inscribitur;

127 2271 356 2327 concessumque,
372 2263 403 2309 ut
417 2260 519 2310 scenici
529 2258 650 2309 ardentis
662 2258 759 2308 domus
770 2254 925 2323 supellecti-

125 2335 181 2384 lem
193 2333 355 2401 diriperent,
373 2347 405 2384 ac
420 2333 474 2384 sibi
488 2331 628 2385 baberent.
668 2331 772 2400 Sparsa
783 2338 810 2382 et
820 2328 923 2396 populo

125 2409 247 2460 missilia
268 2409 389 2460 omnium
409 2423 499 2459 rerum
523 2424 572 2476 per
593 2409 687 2459 ornnes
707 2405 785 2466 dies;
815 2401 924 2468 singula
974 2452 977 2458 ,
1002 2427 1003 2449 ;

127 2484 254 2552 quotidie
274 2483 363 2534 millia
383 2483 474 2534 avium
495 2485 626 2550 cuiusque
640 2480 760 2548 generis,
772 2476 925 2542 ‘multiplex
1001 2491 1002 2494 ’

128 2575 229 2628 penus,
244 2565 364 2610 tesserae
374 2557 583 2621 frumentariae,
593 2557 690 2618 vestis,
707 2565 801 2602 aurum
808 2588 816 2614 ,
829 2565 924 2616 argen-

126 2641 200 2699 tum,
211 2650 343 2702 gemmae,
354 2632 529 2700 margaritae,
539 2630 652 2682 tabulae
662 2628 764 2696 pictae,
776 2625 923 2692 mancipia,

84 2717 87 2722 '
125 2709 262 2775 iumenta,
279 2715 361 2777 atque
381 2709 464 2760 etiam
483 2709 642 2758 mansuetae
661 2701 756 2763 ferae;
775 2699 924 2754 novissime

126 2799 226 2850 naves,
237 2784 357 2850 insulae,
369 2784 437 2853 agri.

894 2930 957 2944 Q..
