2036 3022
247 242 446 296 obsumus.
483 243 697 296 canas-41.
822 247 872 302 221

71 370 169 422 niiliee
179 369 325 436 Neronem,
339 373 418 439 quasi
427 389 524 440 parum
534 371 785 442 reprehenderetur,
798 376 873 444 quod

71 445 171 498 adulto
183 445 239 498 iam
250 447 307 498 filio
319 448 474 515 privignum
489 447 647 517 adoptaret,
667 449 816 503 identidem
832 450 872 501 di-

69 521 210 589 vulgavit,
231 521 359 591 neminem
378 539 494 590 unquam
505 539 556 591 per
572 523 737 592 adoptionem
745 523 872 596 familiae

72 595 202 647 Claudiae
211 595 345 650 insertum.
892 593 894 600 '

129 670 191 722 XL.
213 670 353 726 Sermonis
367 689 432 725 vero
448 684 593 744 rerumque
606 680 713 726 tantam
729 691 810 743 saepe
824 692 870 727 ne·
913 672 919 682 '
949 667 952 674 ”

71 744 234 814 gligentiam
246 749 374 812 ostendit,
384 754 458 800 utne
472 749 559 818 quis,
570 766 621 818 nec
630 751 702 802 inter
712 767 790 819 quos,
803 767 868 820 quo·

70 836 104 872 ve
114 829 239 888 tempore
251 838 283 874 ac
293 823 355 874 loco
367 824 452 874 verba
461 765 577 890 iaceret,
598 827 669 877 scire
685 833 732 877 aut
747 827 869 894 cogitare

72 897 286 948 existimaretur,
327 898 416 959 Quum
431 897 464 950 de
478 899 560 950 laniis
576 906 623 952 aut
641 901 756 952 vinariis
777 917 866 969 agere

72 977 131 1035 tur,
153 972 318 1024 exclamavit
332 973 361 1024 in
376 974 467 1024 curia:
487 973 564 1043 Rogo
575 990 631 1038 cot,
653 973 710 1041 qais
716 985 805 1042 potest
814 976 869 1028 sine

72 1043 158 1113 offitia
177 1045 278 1098 uivere?
307 1047 506 1116 descripsitque
530 1048 728 1100 abundantiam
748 1056 867 1101 veterum

71 1120 334 1186 tabernarimr,unde
346 1121 444 1174 solitus
454 1131 526 1174 esset
535 1123 628 1174 vinum
640 1123 706 1174 olim
717 1125 812 1191 etipse
822 1140 868 1191 pe-

70 1203 138 1247 tere.
177 1196 221 1248 De
232 1203 377 1266 quaestore
388 1197 508 1265 quodam
524 1198 671 1249 candidato
686 1199 758 1250 iuter
769 1215 867 1250 causas

71 1269 281 1338 suffragationis
292 1288 358 1323 suae
369 1273 473 1338 posuit,
496 1273 566 1338 qood
574 1282 654 1340 poter
669 1271 724 1324 eins
730 1272 868 1344 frigidam

72 1362 154 1414 aegro
164 1345 217 1398 siti
226 1346 373 1414 tempestive
384 1346 502 1399 dedisset.
518 1347 634 1412 Inducta
644 1354 712 1400 teste
722 1349 751 1399 in
761 1355 866 1413 senatu,

71 1419 157 1484 Haec,
167 1420 267 1488 inquit,
278 1421 372 1473 reatris
382 1438 454 1472 meoe
465 1419 559 1473 liberta
570 1430 596 1474 et
606 1422 728 1474 ornatrix
732 1423 795 1494 fnit
797 1441 810 1486 ,·
824 1424 870 1474 sed

70 1512 112 1546 me
118 1504 263 1562 patronum
272 1512 372 1564 temper
383 1495 551 1548 existimauit.
585 1496 645 1550 Hoc
655 1498 713 1548 ideo
724 1499 788 1561 dixi,
800 1499 870 1565 quod

71 1571 180 1638 qnidam
189 1581 252 1622 tunt
261 1571 347 1624 adbuc
357 1571 385 1622 in
396 1571 471 1622 domo
482 1587 548 1635 ntea,
561 1571 608 1639 qni
616 1589 656 1624 me
662 1581 806 1640 patronum
817 1591 868 1624 uon

66 1655 186 1712 putant·
203 1646 270 1718 ⁴Sed
282 1653 309 1698 et
319 1663 369 1714 pro
381 1647 526 1711 tribunali,
549 1647 722 1700 Ostiensibus
737 1648 867 1715 quiddam

68 1721 181 1788 publice
193 1722 350 1785 orantibus,
372 1737 453 1788 quum
466 1722 670 1787 excanduisset,
687 1722 764 1775 Nihil
771 1719 867 1775 babere

70 1812 109 1858 se,
131 1795 301 1848 vociferatus
316 1803 369 1860 cst,
391 1813 473 1862 quare
488 1813 530 1847 eos
546 1797 723 1849 demereatur:
749 1797 773 1849 si
792 1815 866 1864 quem

69 1870 163 1932 atium,
185 1879 248 1924 etse
258 1871 366 1922 liberam
377 1887 438 1922 esse.
478 1869 548 1921 Nam
563 1871 614 1922 illa
628 1874 687 1923 eius
704 1873 867 1940 quotidiana

69 1953 96 1996 et
115 1947 198 2012 plane
220 1947 341 1998 omnium
362 1945 491 1997 horarum
512 1951 539 1995 ot
558 1951 758 1998 momentorum
779 1953 865 2009 crant,

71 2021 154 2084 Quid,
178 2038 227 2092 ego
239 2020 289 2072 titt
301 2019 469 2090 Theogoniam
483 2019 589 2082 uideor?
609 2027 649 2085 et,
670 2017 757 2076 λάλει,
777 2016 865 2083 καὶμὴ

68 2093 189 2158 aiyyaos,
201 2096 340 2163 multaque
352 2097 421 2146 talis
431 2097 514 2147 etiam
525 2095 641 2164 privatis
652 2095 799 2160 deformia,
820 2112 866 2146 ue-

69 2171 133 2222 dum
149 2171 269 2238 principi
284 2187 371 2239 neque
385 2170 535 2222 infacundo
555 2186 642 2238 neque
662 2169 788 2237 indocto,
810 2171 865 2221 imo

70 2247 152 2296 ctiam
163 2246 343 2313 pertinaciter
352 2245 514 2302 liberalibus
525 2245 624 2296 studiis
636 2246 739 2298 dedito.
926 2295 931 2302 ,,

126 2319 202 2370 XLl.
223 2320 379 2374 Historiam
389 2321 417 2370 in
430 2320 625 2386 adolescentia,
637 2321 763 2374 hortante
774 2321 807 2372 T.
819 2319 866 2370 Li-
887 2385 890 2389 Ι

68 2396 126 2459 vio,
149 2394 274 2462 Sulpicio
285 2409 350 2447 vero
361 2393 449 2446 Flavo
465 2396 547 2447 etiam
565 2397 725 2460 adiuvante,
747 2396 866 2446 scribere

69 2485 216 2538 aggressus
227 2476 277 2521 est.
311 2469 347 2521 Et
356 2485 439 2538 quum
450 2471 566 2536 primum
577 2469 714 2538 frequenti
725 2469 864 2522 auditorio

68 2545 265 2609 commisisset,
282 2560 362 2612 aegre
373 2545 501 2611 perlegit,
517 2545 694 2612 refrigeratus
705 2561 786 2612 saepe
798 2560 814 2594 a
825 2560 866 2595 se·

67 2627 122 2672 met
135 2621 223 2690 ipso·
250 2619 321 2670 Nam
338 2636 420 2687 quum
433 2620 514 2671 initio
530 2621 714 2682 recitationis,
735 2616 866 2670 defractis

68 2694 259 2764 compluribus
270 2695 409 2746 subselliis
421 2694 556 2745 obesitate
567 2694 722 2757 cuiusdam,
738 2694 809 2744 risus
820 2707 865 2744 er-

3 2773 5 2814 l
69 2781 147 2830 ortus
159 2777 241 2837 esset,
252 2769 392 2830 resedato
406 2767 514 2839 quidem
525 2770 644 2828 tumultu
653 2775 805 2840 temperare
815 2784 864 2840 po·
