2050 3034
329 248 518 314 ricuinus.
555 265 632 313 cnr.
650 269 765 318 ss-ss.
894 267 945 324 lsi

140 389 194 442 vit.
235 389 326 442 Caede
335 391 365 441 in
378 388 486 442 theatro
498 407 547 459 per
562 391 730 444 discordiam
745 393 878 461 admissa,
900 413 945 450 ee.

141 466 207 532 pita
216 464 368 516 factionum
379 472 407 517 et
416 464 578 531 histriones,
589 472 703 535 propter
713 482 782 534 quos
793 469 944 524 dissideba-

140 546 204 604 tur,
224 540 370 608 relegavit,
390 557 441 593 nec
449 548 482 592 ut
490 547 634 594 revocaret
642 556 763 608 unquam
772 545 839 596 ullis
848 549 945 613 populi

142 615 274 681 precibus
289 617 382 682 potuit
396 617 495 668 evinci
536 618 626 678 Quum
640 615 798 670 Pollentina
808 621 886 686 plebs
901 622 943 673 lu-

141 705 196 741 uus
208 691 351 742 cuiusdam
361 691 542 757 primipilaris
553 708 608 743 nou
618 693 694 758 prius
705 709 738 744 ex
744 692 807 746 foro
813 695 942 762 misisset,

143 781 227 832 quam
243 771 353 816 extorta
368 767 486 832 pecunia
500 768 617 834 pervim
632 767 778 821 heredibus
790 771 825 821 ad
835 771 942 839 gladia-

141 840 246 891 torium
266 857 377 904 munus,
399 839 540 892 cohortem
555 843 589 893 ab
604 843 677 894 Urbe
688 850 716 895 et
731 845 813 896 aliam
825 863 842 897 a
853 848 942 899 Cottii

52 918 55 922 '
141 929 238 982 regno,
246 915 420 966 dissimulata
430 916 538 968 itineris
549 933 642 980 causa,
653 917 766 978 detectis
776 928 887 987 repente
898 939 941 977 ar-

142 990 195 1040 mis
207 991 470 1057 concinentibusque
482 992 582 1057 siguis,
604 1007 652 1057 per
666 993 789 1044 diversas
804 1003 900 1060 portas
910 998 940 1046 in

141 1063 276 1130 oppidum
286 1065 414 1128 immisit;
435 1082 468 1116 ac
483 1071 590 1131 partem
604 1067 737 1116 maiorem
752 1068 840 1132 plebis
852 1087 885 1120 ac
895 1072 940 1121 de-

142 1140 289 1190 curionum
302 1140 333 1189 in
347 1145 480 1206 perpetua
490 1140 600 1190 vincula
611 1140 737 1191 coniecit.
776 1143 904 1195 Abolcvit
914 1151 942 1196 et

139 1215 196 1266 vim
207 1230 366 1281 moremque
378 1215 528 1282 asylorum,
541 1230 610 1282 quae
620 1229 735 1280 usquam
746 1224 832 1268 erant.
859 1219 940 1285 Cyzi-

141 1290 231 1353 cenis,
251 1290 282 1340 ln
298 1290 370 1341 cives
385 1288 526 1341 Romanos
540 1289 689 1342 violentius
705 1293 839 1358 quaedam
855 1295 939 1357 ausis,

139 1364 251 1431 publice
262 1365 418 1417 libertatem
434 1365 549 1428 ademit,
572 1380 653 1432 quam
663 1365 854 1420 Mithridatico
865 1369 939 1420 bello

140 1445 306 1492 meruerant.
342 1439 470 1492 'Hostiles
481 1446 580 1505 motus,
591 1439 668 1492 nulla
679 1448 776 1508 postea
786 1445 938 1510 expeditio-

141 1531 176 1566 ne
187 1521 379 1582 suscepta,per
388 1515 495 1582 legatos
506 1517 686 1581 compescuit3
701 1533 751 1568 nec
761 1533 809 1583 per
819 1535 868 1569 eos
879 1520 938 1585 qui·

144 1590 216 1656 dem,
236 1591 294 1642 nisi
308 1596 468 1642 cunctanter
482 1597 509 1642 et
518 1591 685 1642 necessario.
724 1591 812 1658 Reges
822 1593 939 1644 infestos

140 1671 340 1733 suspectosque
371 1666 631 1718 comminationibus
656 1668 744 1733 magis
769 1673 796 1717 et
820 1666 939 1735 querelis

143 1757 225 1807 qnam
235 1740 265 1792 vi
275 1741 414 1808 repressit.
455 1740 610 1805 Quosdam,
626 1756 675 1806 per
690 1742 840 1793 blanditias
857 1747 939 1808 atque

141 1817 281 1882 promissa
292 1822 431 1868 extractos
443 1816 477 1866 ad
493 1832 535 1880 se,
555 1831 612 1866 non
627 1817 745 1880 remisit,
766 1817 938 1868 utMarobo-
1023 1825 1024 1828 ’

140 1891 224 1942 duum
232 1891 407 1955 Germanum,
417 1887 764 1957 Rhascupolimeracem,
776 1889 939 1941 Archelaum

140 1967 344 2034 Cappadocem,
356 1967 434 2017 cuius
445 1966 529 2016 etiam
538 1979 651 2031 regnum
661 1964 691 2013 in
700 1963 818 2014 formam
829 1965 938 2029 provin·

140 2043 199 2093 ciac
211 2041 326 2108 redegit.
1022 2039 1023 2044 ’

195 2115 352 2168 xxxviii
367 2115 485 2168 Biennio
498 2116 629 2168 continuo
639 2120 705 2182 post
715 2114 844 2180 adeptum
854 2113 938 2181 impe-

139 2193 209 2243 rium
229 2190 327 2258 pedem
347 2198 430 2258 porta
447 2208 504 2245 non
524 2191 635 2244 extulit:
660 2191 786 2258 sequenti
805 2197 937 2256 tempore,

137 2273 332 2334 praeterquam
342 2267 372 2317 in
382 2268 538 2334 propinqua
549 2266 665 2334 oppida,
677 2272 705 2318 et
715 2282 797 2334 quum
808 2266 938 2332 longissi·
1021 2271 1022 2334 ἐ

138 2358 193 2406 me,
210 2341 294 2395 Antio
306 2347 399 2406 tenus,
419 2357 554 2409 nusquam
570 2342 671 2393 abfuit:
691 2343 775 2409 idque
785 2355 898 2406 perraro
911 2343 939 2388 et

137 2432 243 2483 paucos
255 2416 327 2481 dies,
340 2417 464 2484 quamvis
473 2418 631 2482 provincias
643 2432 752 2483 quoque
763 2421 790 2466 et
800 2413 937 2465 exercitus
1020 2467 1021 2472 η

137 2493 292 2554 revisunrm
303 2507 332 2544 se
342 2507 425 2558 saepe
434 2493 657 2558 pronunciasset,
678 2497 706 2541 et
719 2504 805 2555 prope
821 2492 938 2554 quotan-

136 2569 180 2618 nis
191 2567 393 2635 prolectionem
404 2572 595 2633 praepararet,
616 2563 750 2616 vehiculis
762 2559 936 2627 comprehen-

136 2644 190 2707 sis,
205 2642 405 2695 commeatibus
420 2657 469 2708 per
484 2641 634 2705 municipia
645 2644 672 2689 et
683 2637 807 2688 colonias
819 2635 937 2700 disposi-

135 2720 186 2782 tis,
209 2718 246 2770 ad
261 2722 410 2768 extremum
425 2721 492 2767 vota
504 2728 555 2779 pro
570 2713 613 2762 itu
628 2717 656 2762 et
670 2711 761 2762 reditu
771 2726 821 2761 suo
833 2707 938 2773 suscipi

136 2807 246 2861 passus,
253 2798 285 2844 ut
293 2791 376 2860 vulgo
389 2792 444 2844 iam
454 2804 503 2859 per
511 2788 605 2840 iocum
612 2785 767 2855 Cadmpides
777 2790 936 2840 vocatorum
