2050 3034
146 619 207 688 ¹c.
240 619 478 674 succuum
508 621 812 687 uuuuourccr

280 777 428 826 LIBER
466 777 709 831 QUARTUS.

120 923 159 989 C.
205 921 464 988 CAESAR
506 923 861 990 CALIGULA.

113 1301 116 1308 γ
148 1239 171 1290 l.
195 1209 404 1301 Germanicus,
426 1237 456 1289 C.
469 1237 596 1288 Caesaris
606 1243 697 1305 pater,
718 1233 804 1286 Drusi
814 1241 841 1286 et
850 1235 891 1285 iu·

94 1313 184 1366 uioris
198 1313 335 1366 Antoniae
350 1312 437 1375 filius,
458 1327 475 1362 a
486 1311 600 1364 Tiberio
615 1319 715 1381 patruo
732 1310 890 1378 adoptatum,

95 1394 272 1456 quaesturam
283 1387 469 1456 quinquennio
481 1393 557 1451 ante,
579 1403 660 1456 quam
675 1404 724 1457 per
737 1387 811 1454 leges
827 1385 891 1437 lice-

94 1470 150 1527 ret,
171 1468 272 1532 etpost
285 1478 345 1515 eom
357 1462 529 1514 consulatum
540 1463 633 1514 statim
644 1463 739 1530 gessit.
776 1461 891 1513 Missus-

95 1554 150 1608 que
171 1537 206 1588 ad
226 1538 375 1591 exercitum
394 1538 423 1588 in
439 1536 627 1602 Germaniam,
648 1551 762 1590 excessu
776 1537 892 1602 Augusti

94 1613 235 1677 rumciato,
247 1612 371 1680 legiones
379 1613 531 1678 universas,
541 1613 738 1683 Imperatorem
748 1609 891 1662 Tiberium

61 1707 67 1718 ·
93 1687 313 1757 pertinacissime
323 1694 494 1753 recusantes,
515 1695 543 1740 et
552 1690 607 1741 sibi
616 1703 750 1740 summam
760 1684 890 1755 reipubli-

95 1779 143 1814 cae
155 1762 321 1828 deferentes,
332 1763 465 1816 incertum
477 1765 634 1815 constantia
644 1779 679 1814 an
689 1764 793 1832 pietate
803 1761 890 1812 maio·

93 1853 132 1902 re,
145 1838 327 1906 compescuit3
344 1845 435 1906 etque,
446 1835 525 1888 hoste
535 1853 601 1890 mox
611 1837 728 1900 devicto,
739 1834 890 1903 triumpha-

94 1915 142 1965 vit.
183 1913 287 1964 consul
297 1913 395 1965 deinde
409 1913 509 1964 iterum
526 1919 647 1976 creatus,
664 1921 702 1961 'ac
715 1912 792 1978 prius
808 1924 890 1976 quam

2 1988 3 1995 ’
94 1986 228 2040 honorem
245 1987 339 2051 iniret,
360 1987 396 2039 ad
416 1985 633 2056 componendum
649 1985 769 2037 Orientis
790 1988 891 2034 statum

4 2098 9 2117 .
95 2063 238 2130 expulsus,
260 2077 343 2132 quum
353 2063 497 2114 Armeniae
507 2077 598 2130 regem
609 2061 768 2124 devicisset,
784 2059 891 2125 Cappa·

96 2137 206 2188 dociam
216 2139 245 2188 in
255 2139 414 2207 provinciae
424 2138 541 2190 formam
552 2137 714 2205 redegisset,
736 2149 835 2185 anuum
847 2147 890 2184 ae-

94 2213 162 2264 tatis
182 2227 267 2279 agens
288 2219 415 2283 quartum
436 2219 463 2264 et
480 2215 649 2265 tricesimum
670 2211 777 2264 diutino
792 2210 890 2261 morbo

96 2285 259 2340 Antiochiae
269 2287 352 2352 obiit,
373 2303 429 2338 non
439 2288 498 2340 siue
507 2290 605 2340 veneni
614 2288 781 2356 suspicione.
819 2283 891 2336 Nem

96 2367 207 2430 praeter
215 2361 331 2427 livores,
352 2363 401 2431 qui
410 2367 470 2413 toto
486 2379 602 2432 corpore
618 2369 708 2427 erant,
729 2369 757 2414 et
770 2373 891 2427 spumas,

97 2452 168 2506 quae
176 2453 227 2505 per
237 2453 269 2490 os
279 2437 413 2500 fluebant,
434 2441 548 2488 cremati
563 2455 672 2508 quoque
688 2451 736 2488 cor
745 2437 817 2486 inter
827 2445 891 2484 ossa

95 2513 283 2580 incorruptum
294 2517 431 2582 repertum
442 2517 495 2562 est:
511 2514 588 2564 cuius
599 2528 633 2565 eo
642 2517 742 2564 uotiua
752 2507 890 2561 existima·

95 2592 148 2653 tur,
159 2593 191 2639 ut
199 2589 316 2640 tinctum
325 2602 429 2639 veneno
440 2587 503 2653 igne
515 2588 614 2638 confici
623 2589 750 2652 nequeat.

150 2662 186 2716 11.
208 2661 285 2714 Obiit
295 2667 399 2725 autem,
419 2667 451 2712 ut
465 2661 560 2727 opinio
576 2659 642 2722 fuit,
662 2655 760 2708 fraude
775 2652 891 2716 Tiberii,

98 2737 251 2800 mhiisterio
263 2744 291 2790 et
300 2752 385 2810 opera
396 2733 571 2800 CuPisonis,
583 2733 631 2804 qui
641 2732 691 2784 sub
701 2730 773 2782 idem
783 2733 891 2810 tempus
