2050 3034
259 228 459 276 cenicum.
496 227 575 275 cAP.
596 230 712 274 tit-60.
835 227 885 282 193

80 354 215 426 corporis
236 351 378 416 custodes;
403 369 436 404 ac
455 351 604 406 nonnullos
619 367 653 406 ex
666 354 885 421 percussoribus,

79 430 223 501 quosdam
234 430 318 481 etiam
329 433 471 481 senatores
482 429 622 492 innoxios,
633 429 837 480 interemerunt.

138 505 216 556 LIX.
236 504 316 556 Vixit
326 504 406 555 aunis
419 504 621 571 undetriginta:
641 503 788 571 imperavit
801 505 884 556 trien-

78 582 129 633 nio
152 586 181 632 et
202 579 296 630 decem
315 580 455 631 mensibus
476 579 625 647 diebusque
647 583 720 630 octo.
743 625 744 628 ,
761 579 884 631 Cadaver

79 658 143 709 eius
155 655 227 706 clam
238 655 267 704 in
277 652 374 706 hortos
384 653 536 706 Lamianos
547 659 730 723 asportatum,
747 660 775 706 et
783 655 884 706 tumul-

80 731 177 783 tuario
188 744 259 797 rogo
270 729 504 794 semiambustum,
510 729 564 781 levi
575 731 677 797 cespite
688 730 816 783 obrutum
828 735 881 784 est:

80 814 183 876 posteo
193 821 244 872 per
253 818 364 856 sorores
375 805 410 854 ab
426 803 524 856 exsilio
536 821 659 857 reversas
670 811 776 858 erutum
787 812 815 858 et
825 821 881 858 cre-

81 887 188 932 motum
204 879 403 947 sepultumque.
443 879 518 930 Satis
536 885 657 945 constat,
676 882 836 949 prinsquam
851 882 881 934 id

82 957 174 1020 lieret,
195 952 339 1006 hortorum
351 953 478 1007 custodes
487 956 592 1007 umbris
606 955 788 1021 inquietatos3
808 959 882 1010 inea

82 1046 196 1098 quoque
207 1029 299 1093 domo,
311 1029 340 1080 in
351 1044 406 1097 qua
417 1031 585 1092 occubuerit,
591 1029 694 1080 nullam
705 1037 813 1083 noctem
823 1033 882 1082 sine

83 1107 181 1174 aliquo
191 1110 299 1156 terrore
309 1110 491 1169 transactam,
512 1105 600 1156 donec
609 1105 672 1170 ipsa
682 1103 780 1156 domus
790 1106 881 1160 iucen-

82 1182 131 1232 dio
145 1184 308 1247 consumpta
318 1180 364 1231 sit.
387 1179 475 1231 Periit
483 1195 539 1232 uua
550 1186 577 1232 et
586 1194 657 1231 uxor
669 1179 813 1246 Caesonia,
824 1182 882 1249 gla-

82 1257 132 1308 dio
145 1271 163 1306 a
173 1255 333 1306 centurione
345 1254 483 1319 confossa,
495 1261 522 1307 et
532 1255 591 1308 filia
601 1256 701 1324 parieti
710 1255 795 1306 illisa.

139 1330 201 1382 LX.
223 1329 415 1381 Conditionem
429 1336 583 1397 temporum
597 1330 711 1382 illorum
731 1332 813 1383 etiem
833 1349 883 1400 per

80 1406 152 1457 haec
172 1405 331 1456 existimare
351 1405 441 1472 quivis
460 1406 559 1473 possit.
597 1405 669 1457 Nam
687 1423 775 1475 neque
796 1409 881 1460 caede

78 1482 198 1548 vulgata
217 1480 311 1530 statim
331 1480 464 1531 creditum
483 1486 537 1543 est3
561 1479 667 1547 fuitque
688 1483 822 1550 suspicio,
844 1485 879 1536 ab

78 1559 146 1624 ipso
160 1555 226 1606 Gaio
237 1553 340 1605 famam
351 1555 444 1607 caedis
454 1555 611 1608 simulatam
621 1561 649 1608 et
659 1557 794 1621 emissam,
806 1563 837 1609 ui
847 1575 879 1610 eo

79 1637 166 1700 pacto
187 1629 328 1682 hominum
349 1645 414 1697 erga
428 1647 457 1682 se
472 1636 574 1684 mentes
589 1629 814 1698 deprehenderet:
834 1649 880 1684 ne-

80 1723 135 1777 que
147 1705 288 1758 coniurati
298 1705 425 1774 cuiquam
435 1707 580 1775 imperium
591 1706 805 1760 destinaverunt.
844 1708 880 1760 Et

79 1788 194 1834 senatus
205 1782 233 1831 in
247 1781 394 1832 asserenda
403 1781 531 1834 libertate
542 1781 611 1834 adeo
623 1785 769 1849 consensit,
774 1789 806 1836 ut
816 1800 879 1836 con-

78 1858 155 1909 sules
165 1857 256 1924 primo
268 1871 324 1907 non
334 1856 487 1919 incuriam,
500 1855 565 1922 quia
573 1855 645 1907 Iulia
654 1859 819 1922 vocabatur,
832 1859 880 1908 sed

76 1935 107 1984 in
120 1931 291 2000 Capitolium
304 1936 498 1982 convocarent:
521 1929 633 1998 quidam
642 1945 717 1992 vero,
730 1933 879 1982 sententiae

78 2009 157 2071 loco,
179 2004 346 2058 abolendam
363 2006 512 2057 Caesarum
526 2005 687 2056 memoriam
702 2019 735 2056 ec
745 2005 880 2057 diruenda

76 2083 184 2149 templa
195 2086 368 2132 censuerunt.
409 2081 589 2133 Observatum
600 2083 691 2130 eutem
700 2084 880 2148 notatumque

78 2165 120 2209 est
129 2159 159 2208 in
169 2156 283 2225 primis,
305 2156 436 2207 Caesares
449 2172 554 2220 onrnes,
576 2155 676 2223 quibus
688 2155 749 2207 Gaii
763 2170 879 2223 praeno-

77 2232 212 2296 mensuit,
224 2230 300 2282 ferro
312 2231 436 2298 periisse,
445 2231 502 2282 iam
512 2231 576 2284 inde
588 2231 622 2282 ab
634 2246 677 2296 eo,
689 2233 737 2300 qui
748 2231 879 2284 Cinnanis

75 2307 250 2376 temporibus
262 2304 300 2356 sit
311 2307 426 2357 occisus.

367 2565 592 2603 -neodb—
