2050 3034
204 291 209 297 ,
267 238 471 288 obsumus
508 240 586 287 CAP.
606 240 719 291 11-15.
846 240 897 292 203

91 362 265 432 petulancie,
274 363 322 423 sed
333 370 360 415 et
369 379 387 414 a
396 363 525 432 singulis,
543 369 570 415 et
580 379 628 431 per
637 362 801 429 factionem,
813 370 841 416 et
850 365 895 418 de-

92 440 182 506 nique
193 437 269 488 civili
278 439 351 490 bello
361 438 508 492 infestatus
519 445 569 490 est.
597 437 620 487 E
631 438 710 506 plebe
722 435 804 490 homo
815 446 895 492 nocte

92 513 190 565 media
203 513 282 564 iuxta
296 513 452 567 cubiculum
466 515 525 568 citu
541 529 602 566 clun
617 512 737 580 pugione
748 512 893 580 deprehen⁴

94 603 145 638 sus
160 593 214 640 est.-
234 588 336 653 reperti
350 595 378 640 et
391 591 525 656 equestris
539 588 646 659 “ordinis
667 589 722 640 dno
737 589 766 640 in
781 589 893 656 publico

95 678 161 714 cum
172 660 273 715 dolone
284 677 318 716 ac
326 665 471 719 venatorio
484 665 571 716 cultro
588 663 803 734 praestolantes,
826 663 895 714 alter

94 742 129 790 ut
147 751 286 803 egressum
306 735 430 804 theatro,
456 739 526 792 alter
549 746 581 792 ut
600 740 799 796 sacrificantem
821 738 893 807 apud

95 811 198 864 Martis
209 813 303 864 aedem
314 807 479 866 adoriretur.
514 813 746 882 conspiraverunt
756 819 846 866 autem
859 814 894 865 ad

97 903 142 938 res
153 901 240 940 novas
252 885 349 941 Gallus
359 888 470 940 Asinius
485 895 512 940 et
523 889 649 940 Statilius
662 881 819 954 Corvinus,
829 887 892 940 Pol-

98 961 183 1017 lionis
202 976 236 1013 ac
255 961 404 1015 Messallae
424 971 566 1018 oratorum
589 970 716 1031 nepotes,
744 964 892 1031 assumptis

98 1037 287 1105 compluribus
297 1035 404 1092 libertis
414 1039 502 1106 ipsius
514 1045 595 1105 atque
606 1038 700 1098 serris.
738 1037 845 1088 Bellum
858 1039 893 1088 ci-

96 1113 153 1164 vile
163 1113 251 1166 movit
260 1112 360 1165 Furius
372 1113 503 1166 Camillus
515 1113 724 1176 Scribonianus,
736 1110 894 1163 Dalmatiae

97 1188 220 1254 legatum
240 1202 334 1238 verum
347 1189 421 1240 intra
440 1188 564 1257 quintum
583 1186 655 1240 diem
677 1202 823 1255 oppressus
844 1193 893 1250 est,

96 1261 263 1328 legionibus,
276 1277 345 1330 quae
355 1269 555 1316 samanmntum
565 1267 750 1326 mutaverant,
761 1261 789 1314 in
800 1261 894 1329 poeni-

95 1337 210 1394 tentiam
222 1336 356 1403 religione
373 1338 524 1400 conuersis,
546 1343 705 1405 postquam,
728 1336 893 1388 denunciato

97 1412 134 1462 ad
144 1427 246 1465 novum
256 1412 449 1478 imperatorem
459 1413 570 1478 itinere,
593 1428 659 1464 casu
675 1411 794 1479 quodam
806 1428 841 1462 an
853 1412 892 1462 di·

96 1486 213 1552 vinitus,
233 1501 322 1554 neque
337 1488 431 1554 aquila
447 1487 554 1552 ornari,
573 1503 661 1554 neque
677 1487 756 1554 signa
775 1487 893 1538 convelli

96 1561 423 1630 moveriquepotuerunt.

133 1659 136 1665 ·
154 1635 228 1688 XIV.
249 1635 416 1701 Consulatus
431 1653 513 1705 super
527 1638 672 1705 pristinum
694 1643 813 1705 quatuor
832 1651 891 1704 ges-

97 1713 147 1765 sit:
167 1725 202 1763 ex
218 1711 318 1778 quibus
333 1712 402 1765 duos
416 1713 520 1779 primos
535 1714 663 1778 iunctim,
684 1719 827 1781 sequentes
842 1729 891 1781 per

95 1785 280 1850 matvallem,
292 1794 390 1854 quarto
403 1802 535 1856 quemque
547 1803 627 1852 anno,
633 1795 789 1840 semestrem
800 1789 890 1839 novis-

97 1863 205 1926 simuur,
216 1861 359 1915 bimestres
371 1868 485 1925 ceteros,
495 1863 606 1914 tertium
618 1868 721 1924 autem,
732 1877 805 1914 novo
818 1862 891 1913 circa

96 1935 248 2005 principem
269 1937 406 2005 exemplo,
431 1937 573 1996 inlocum
594 1936 731 1988 demortui
750 1935 889 1987 suffectus.

96 2012 142 2064 lus
157 2017 184 2064 et
198 2012 295 2065 consul
310 2018 336 2063 et
350 2019 428 2065 extra
438 2011 570 2065 bonorem
581 2010 800 2062 laboriosissime
812 2010 891 2074 dixit,

97 2086 180 2140 etiam
190 2087 248 2140 suis
262 2102 428 2155 suorumque
443 2087 539 2142 diebus
555 2086 746 2151 sollemnibus,
767 2101 889 2140 nonnun-

97 2177 178 2230 quam
197 2161 277 2214 festis
297 2178 407 2230 quoque
427 2164 579 2233 antiquitus
600 2168 627 2214 et
646 2161 795 2229 religiosis.
833 2161 890 2213 Nec

96 2251 202 2304 semper
215 2237 387 2304 praescripta
401 2237 491 2306 legum
505 2243 628 2303 secutus,
648 2237 780 2288 duritiam
792 2237 906 2310 lenita-³

95 2319 182 2364 temve
193 2312 341 2370 multarum
351 2327 385 2364 ex
395 2311 468 2365 bono
480 2320 507 2366 et
518 2329 620 2380 aequo,
636 2313 748 2380 perinde
758 2319 790 2370 ut
800 2313 889 2362 affice-

96 2393 178 2451 retur,
190 2387 349 2445 moderatus
359 2393 409 2438 est.
448 2387 519 2440 Nam
530 2395 556 2440 et
565 2388 610 2452 lis,
623 2388 671 2456 qui
682 2387 754 2454 apud
765 2387 889 2453 privatos

95 2462 200 2516 iudices
220 2463 282 2531 plus
300 2462 418 2529 petendo
438 2461 557 2514 formula
571 2463 748 2524 excidissent,
769 2459 890 2512 restituit

98 2539 233 2600 actionem
254 2538 321 2591 etia
333 2538 438 2591 maiore
452 2535 549 2589 fraude
564 2537 718 2599 convictos,
739 2534 889 2600 legitimam

96 2628 212 2680 poenam
222 2625 423 2679 supergressus,
435 2611 471 2662 ad
480 2612 584 2662 bestias
595 2609 794 2674 condemnavit.

149 2686 212 2740 XV.
232 2686 264 2737 ln
279 2687 471 2754 cognoscendo
488 2691 579 2738 autem
595 2699 628 2737 ac
638 2682 808 2742 decernendo
819 2683 889 2734 nura

23 2806 27 2819 .
94 2763 228 2817 verteme
243 2763 329 2816 animi
342 2761 408 2828 fuit,
428 2760 512 2816 modo
528 2758 739 2827 circumspectus
753 2763 782 2810 et
794 2771 887 2826 sagax.
