2026 3020
126 227 161 278 2⁰
276 262 279 275 .
405 229 431 274 G.
460 225 645 275 SUETONH

129 351 226 404 deinde
236 349 394 416 Ponticum,
405 349 470 404 huic
479 352 636 419 proximnnn
645 347 816 414 Africamnn,
827 347 920 402 novis-

127 427 227 478 simum
236 426 461 496 Hispaniensem,
477 427 586 478 diverso
602 439 736 492 quemque
746 432 884 492 apparatu
894 432 922 477 et

126 502 317 554 instrumento.
357 501 460 553 Gallici
473 497 607 568 triumphi
621 500 666 552 die
675 499 825 551 Velabrum
839 515 919 568 prae·

126 575 277 642 tervehens,
288 592 375 644 paene
386 592 468 628 curru
477 591 608 628 excussus
620 573 699 644 [est],
711 589 763 626 axe
774 573 919 627 diffracto:

126 652 304 719 ascenditque
315 651 483 719 Capitolium
494 651 530 702 ad
540 650 658 713 hunino,
670 649 855 717 quadraginta
865 649 918 702 ele·

125 724 237 794 phontis
252 727 349 778 dextra
363 733 445 794 atque
464 726 577 777 sinistra
597 722 767 792 lychnuchos
787 726 925 792 gestanti:

125 802 186 852 bns.
225 800 342 853 Pontico
352 800 491 868 triumpho
507 802 579 852 inter
592 815 710 866 pompae
716 799 826 851 fercula
835 801 918 852 trium

125 877 272 928 verbosum
282 877 415 943 praetulit
423 876 547 940 titulum,
559 873 656 926 VENl.
668 873 755 926 VIDI.
768 873 851 926 vicl.
862 891 919 927 non

126 957 190 1002 acta
199 950 266 1002 belli
276 951 488 1019 significantem,
510 952 583 1002 sicut
598 950 708 1013 ceteris,
730 949 779 1001 sed
794 949 921 1002 celeriter

126 1025 358 1078 confectinotam.

180 1101 333 1153 xxxviii.
353 1102 498 1154 Veteranis
512 1100 668 1172 legionibus
679 1101 799 1168 praedae
807 1102 920 1153 nonsine

125 1177 154 1228 in
164 1177 270 1242 pedites
281 1177 405 1244 singulos
417 1192 499 1244 snper
507 1177 574 1227 bina
588 1177 728 1240 sestertia,
750 1191 821 1244 quae
835 1177 918 1228 initio

1003 239 1006 306 ⁴

126 1251 216 1302 civilis
225 1251 358 1302 tumultus
368 1258 567 1315 numeraverat,
578 1251 675 1302 vicena
686 1257 820 1318 quaterna
829 1251 921 1302 millia
1005 1305 1006 1332 ζ

124 1325 264 1376 nummum
275 1325 359 1377 dedit
398 1326 594 1394 Assignavitet
604 1341 699 1393 agros,
719 1327 838 1378 sednon
854 1341 919 1378 con·

124 1401 231 1463 tinuos,
246 1416 280 1451 ne
295 1402 357 1467 quis
371 1415 562 1470 possessorum
578 1401 769 1469 expelleretur.
808 1400 918 1470 Populo

124 1481 234 1542 praeter
243 1475 375 1527 frumenti
384 1476 585 1528 denosmodios
596 1491 629 1528 ae
638 1475 755 1528 totidem
760 1475 919 1541 oleilibras,

124 1558 251 1602 trecenos
263 1567 371 1618 quoque
381 1567 520 1616 nummos,
536 1566 607 1618 quos
616 1550 759 1618 pollicitus
770 1550 837 1603 olim
848 1559 918 1616 erat,
1004 1543 1005 1560 *

125 1626 230 1678 viritim
246 1626 353 1689 divisit3
374 1633 402 1677 et
416 1625 470 1677 hoc
484 1626 603 1694 amplius
617 1632 748 1678 centenos
762 1642 813 1694 pro
827 1642 918 1679 mora.

125 1701 250 1752 Armuam
265 1701 348 1752 etiam
362 1698 562 1753 habitationem
576 1701 682 1753 Romae
695 1715 783 1769 usque
797 1702 834 1752 ad
852 1703 920 1754 bina

125 1775 214 1826 millia
224 1775 371 1840 nummiim,
381 1775 498 1838 initalia
507 1792 563 1828 non
573 1777 648 1827 ultra
659 1777 811 1844 quingenos
821 1785 920 1829 sester-

124 1849 181 1902 tios
199 1839 313 1902 remisit.
352 1851 461 1903 Adiecit
475 1851 585 1920 epulum
599 1867 633 1903 ac
646 1852 872 1916 viscerationcm,
894 1858 922 1904 et

125 1932 190 1992 post
203 1925 416 1994 Hispaniensem
434 1927 581 1979 victoriam
602 1927 657 1978 duo
681 1927 809 1994 prandia.
847 1925 920 1978 Nam

127 2017 209 2067 quum
220 2001 298 2068 prius
307 2017 390 2070 parce
400 2018 489 2070 neque
498 2018 549 2071 pro
565 2001 734 2054 liberalitate
749 2017 800 2053 sua
809 2001 920 2070 praebi-
1003 2051 1004 2072 ,

125 2082 182 2126 tum
192 2076 350 2200 liudicaret,
371 2079 468 2145 quinto
488 2083 553 2145 post
573 2075 618 2128 die
638 2076 713 2128 aliud
732 2076 921 2144 largissimum

125 2165 191 2216 prae
211 2152 261 2202 uit.
310 2179 326 2187 r·

181 2223 310 2276 XXXIX.
330 2225 427 2276 Edidit
436 2225 595 2294 spectacula
604 2228 676 2278 varii
685 2226 805 2294 generis:
820 2241 921 2279 munus
1002 2259 1003 2276 2

49 2347 53 2354 κ
125 2299 337 2367 gladiatorium
357 2301 440 2353 ludos
450 2302 533 2354 etiam
544 2303 710 2370 regionatim
720 2303 793 2354 Urbe
802 2308 877 2366 tota,
894 2308 922 2354 et

126 2373 235 2442 quidem
247 2390 296 2442 per
307 2376 427 2426 omnium
438 2376 594 2444 linguarum
605 2375 766 2439 histrionem
784 2378 850 2430 item
862 2377 921 2430 cir-

126 2463 229 2514 censes,
242 2447 369 2515 athletas,
380 2450 583 2504 naumachiam.
621 2452 736 2504 Munere
750 2453 780 2502 in
793 2451 858 2504 foro
875 2453 921 2504 de-

126 2526 260 2591 pugnavit
276 2524 377 2578 lisoius
396 2525 543 2594 Leptinus,
568 2528 653 2595 stirpe
671 2527 826 2595 praetoria,
847 2534 876 2578 et
888 2525 920 2578 Α.

129 2599 277 2666 Calpenus,
304 2607 416 2653 senator
440 2601 578 2669 quondam
608 2609 740 2671 actorque
764 2617 922 2655 censarius.

126 2671 307 2741 Pyrrhicham
322 2677 492 2730 saltaverunt
505 2678 588 2729 Asiae
602 2675 805 2746 Bithyniaeque
820 2678 923 2745 princi*

127 2749 292 2818 puniliberi.
332 2751 420 2804 Ludis
430 2752 561 2812 Decimus
571 2751 717 2822 Laberius,
728 2767 812 2826 eques
820 2752 922 2808 lioma-
1000 2761 1001 2788 ³
