2026 3020
115 226 154 280 28
241 293 244 299 Ι
401 229 427 275 c.
450 226 636 274 surromr

91 409 95 415 ⁸
118 351 158 404 M.
168 350 303 404 Antonius
314 353 437 420 agnitum
447 352 531 403 etiam
542 353 576 404 ab
587 367 620 404 eo
630 351 741 403 senatui
751 352 915 416 affimavit3

120 441 190 496 qnae
210 428 280 480 scire
301 427 330 478 c.
351 426 469 478 Matium
492 432 520 477 et
539 427 570 478 G.
592 425 710 492 Oppium
735 427 916 496 reliquosque

120 501 247 554 Caesaris
266 502 382 553 amicos:
408 515 525 567 quorum
545 500 575 551 C.
592 497 709 568 Oppius,
732 503 814 569 quasi
830 503 915 570 plane
1005 527 1006 530 ¹

120 576 278 630 defensione
293 591 327 628 ac
339 575 496 642 patrocinio
512 591 555 627 res
570 582 674 642 egeret,
694 575 795 628 librmn
810 577 914 629 edidits

119 649 242 703 Necesse
254 647 477 718 Caesarisfiliom,
489 667 565 716 quem
576 649 716 717 Cleopatra
726 651 806 703 dicat.
845 652 914 704 Hel-

118 727 179 778 vius
203 726 303 789 Cinna,
326 725 454 776 tribunus
480 726 581 793 plebis,
606 725 744 792 plerisque
769 725 915 780 coufessus

119 807 173 864 est,
193 797 323 852 habuisse
337 815 366 852 se
377 801 508 867 scriptam
518 806 698 868 paratamque
708 801 808 868 legem,
829 817 914 870 quam

120 876 223 926 Caesar
232 873 304 926 ferre
314 874 452 938 iussisset,
468 891 550 942 quum
560 875 621 942 ipse
631 876 752 939 abesset,
766 875 810 927 uti
817 891 915 928 atores

119 950 259 1000 liberorum
270 950 476 1016 quaerendorum
486 965 575 1012 roura,
588 964 652 1016 quos
662 958 689 1001 et
698 957 761 1016 quot
770 951 853 1014 veliet,
865 951 914 1002 du-

120 1042 178 1078 cere
188 1023 285 1076 liceret.
324 1025 364 1076 Ae
373 1041 407 1076 ne
418 1025 463 1076 cui
473 1025 586 1078 dubium
597 1025 709 1076 omuino
720 1025 768 1090 sit,
784 1031 812 1077 et
824 1026 914 1093 imu-

120 1099 232 1151 maitiae
242 1115 304 1151 eum
314 1105 342 1152 et
352 1099 550 1152 adulteriorum
560 1097 914 1166 flagrassemfamiacurio

120 1182 199 1241 pater
210 1174 328 1242 quadam
339 1190 400 1226 eum
412 1174 538 1226 oratione
553 1173 668 1226 cronium
681 1173 819 1226 mulierum
827 1175 916 1226 cirum

121 1258 146 1302 et
157 1248 272 1300 omnium
281 1248 398 1300 uirorum
407 1247 541 1300 mulierem
551 1249 681 1316 appellat.

176 1322 249 1376 Llll.
268 1323 336 1375 Vini
345 1324 536 1392 parcissimum
550 1340 584 1376 nc
594 1324 701 1376 irthnlci
712 1323 821 1392 quidem
831 1338 911 1391 nega·

120 1404 226 1450 verunt.
263 1396 385 1450 Verbum
395 1398 434 1450 Μ.
447 1399 560 1452 Catonis
571 1403 624 1463 est,
649 1397 734 1450 Unam
750 1415 782 1450 ea
796 1397 915 1450 omnihus

123 1473 263 1524 Caesarem
277 1472 314 1524 od
326 1475 490 1526 evertendam
504 1472 689 1540 rempublicam
703 1472 914 1530 sobriumaccer-

122 1548 192 1600 sisse.
231 1546 303 1600 Nam
314 1549 388 1600 circa
397 1549 500 1602 victum
511 1549 541 1600 G.
552 1549 657 1617 Oppius
672 1548 741 1600 adeo
756 1546 914 1600 indifferen-

120 1631 176 1675 tem
187 1623 280 1686 docet,
300 1629 332 1675 ut
346 1623 485 1691 quondam
497 1625 531 1674 ab
542 1621 651 1690 hospite
662 1622 802 1678 conditum
813 1623 914 1686 oleum,

122 1713 173 1766 pro
184 1698 268 1750 viridi
278 1697 448 1765 appositum,
470 1699 681 1766 aspernantibus
692 1698 803 1761 ceteris,
824 1697 916 1749 solum

123 1773 207 1825 etiam
217 1773 322 1840 largius
333 1773 409 1824 dicat
419 1775 569 1841 appetisse,
580 1789 614 1825 nc
624 1771 761 1840 hospitem
772 1777 820 1824 aut
829 1773 916 1840 negli-

122 1848 232 1915 gentiae
244 1854 291 1899 aut
300 1849 465 1900 rusticitatis
474 1848 613 1900 videretur
623 1863 747 1916 arguere·

179 1920 252 1974 LIV.
272 1923 472 1976 Abstinentiam
491 1939 579 1992 neque
598 1925 628 1975 io
647 1923 771 1990 imperiis
785 1938 874 1990 neqrre
887 1924 917 1975 in

123 1999 331 2066 magistratibus
350 2000 497 2067 praestitit.
540 1999 577 2050 Ut
596 1998 668 2049 enim
688 1997 801 2066 quidam
820 2013 916 2049 monu-

123 2075 221 2126 mentis
232 2075 290 2124 sois
300 2075 397 2126 testati
405 2081 481 2138 sunt,
495 2075 525 2124 in
535 2072 673 2139 Hispania
687 2088 704 2123 a
714 2073 881 2140 proconsule
891 2080 919 2125 et

45 2189 50 2200 .
124 2165 141 2199 a
155 2149 240 2198 sociis
255 2149 385 2215 pecunias
401 2148 519 2215 accepit,
541 2147 725 2200 emendicatas
738 2149 767 2198 in
783 2148 917 2200 auxilium

79 2265 83 2272 .
125 2221 196 2273 aeris
208 2220 305 2284 alieoi;
317 2229 344 2273 ct
354 2221 551 2274 Lusitanorum
563 2222 697 2288 quaedam
709 2222 820 2290 oppida,
832 2239 917 2290 quan-

126 2311 208 2364 quam
218 2311 268 2346 nec
278 2297 413 2363 imperata
425 2298 608 2348 detrectarent
618 2304 645 2350 ot
655 2298 812 2350 advenienti
821 2305 918 2365 portas

125 2370 323 2439 patefacerent,
349 2372 465 2440 diripuit
487 2370 634 2424 hostiliter.
682 2371 713 2423 ln
734 2371 828 2423 Gallia
851 2372 918 2424 fena

124 2445 281 2515 templaque
295 2446 374 2498 desim
394 2447 474 2498 donis
493 2446 596 2498 referta
613 2447 757 2514 expilavit,
777 2448 860 2500 urbes
878 2449 917 2499 di-

125 2523 193 2586 ruit,
209 2522 320 2589 saepius
332 2522 367 2573 ob
378 2523 523 2590 praedam,
542 2537 623 2590 quam
637 2523 672 2574 ob
683 2521 827 2574 delictum:
846 2523 917 2574 unde

125 2596 241 2661 lactum,
260 2602 292 2648 ut
302 2613 369 2650 auro
382 2597 546 2661 abtmdaret,
561 2598 700 2665 ternisque
710 2597 833 2648 millibus
843 2613 918 2650 num·

125 2671 199 2722 mrim
210 2673 239 2721 in
249 2671 336 2725 libras
346 2672 516 2741 promercale
526 2689 575 2740 per
583 2672 694 2724 ltaliam
708 2673 919 2741 provinciasque

126 2744 268 2798 divideret.
312 2747 342 2798 ln
366 2750 454 2818 primo
480 2748 625 2824 consulatu
644 2748 699 2803 tria
719 2746 807 2798 millia
827 2748 919 2816 pondo
1007 2741 1008 2796 i
