2036 3022
332 221 442 270 NERO.
477 223 556 270 csP.
575 223 691 271 33-36.
862 221 911 276 249

105 343 166 401 bac
176 346 262 398 tiliam
276 348 342 400 tulit
356 347 501 413 Claudiam
515 349 678 416 Augustam,
700 349 846 416 amisitque
863 351 910 402 ad.

107 421 225 476 modum
244 422 385 475 infantem.
425 423 537 475 Nullum
558 423 627 474 adeo
641 425 852 476 necessitudinis
865 441 911 494 ge-

107 513 166 550 nus
186 504 239 562 est,
262 499 336 567 quod
355 515 412 552 non
431 498 533 551 scelere
557 498 713 567 perculerit.
752 501 909 566 Antoniam,

110 573 226 623 Claudii
244 574 341 640 filiam,
362 582 534 627 recusantem
552 581 617 642 post
631 573 778 643 Poppaeae
791 582 908 628 mortem

107 649 224 716 nuptias
235 664 313 714 suras,
335 652 415 720 quasi
424 651 588 702 molitricem
599 665 732 702 novarum
743 666 847 718 renim,
866 654 908 704 in·

4 735 5 742 ¹
106 725 230 775 teremit.
269 724 401 777 Similiter
418 726 558 778 interemit
572 732 689 792 eeteros,
712 733 760 778 aut
774 729 908 779 affinitate

110 799 209 866 aliqua
219 799 274 858 sibi
289 807 337 852 aut
351 802 559 870 propinquitate
574 802 749 854 coniunctos:
768 805 796 854 in
808 804 908 872 quibus

108 874 212 925 Aulum
222 873 361 927 Plautium
371 877 509 938 iuvenem3
531 891 610 943 quem
624 893 707 944 quum
717 884 780 929 aute
790 887 907 931 mortem

108 949 227 1018 pervim
238 958 460 1018 conspurcasset,
471 950 530 1005 Eat
538 967 619 1014 nunc,
629 953 732 1019 inquit,
745 962 829 1004 muter
839 971 906 1017 mea,

109 1033 138 1076 et
148 1039 322 1077 successorem
335 1043 420 1078 meum
434 1028 566 1080 osculetur
571 1041 584 1087 ,-
603 1026 711 1077 iactans
726 1026 856 1078 dilectum
872 1031 907 1080 ab

109 1115 153 1164 ea,
166 1105 195 1151 et
204 1101 239 1150 ad
249 1116 325 1168 spem
333 1103 443 1170 imperii
453 1102 609 1170 impulsum.
630 1100 789 1169 Privignum
798 1102 906 1154 Rullum

109 1175 277 1245 Crispinum,
289 1176 419 1246 Poppaea
429 1184 538 1241 naturus,
549 1177 717 1245 impuberem
728 1175 830 1242 adbuc,
842 1179 909 1245 quia

106 1251 251 1302 ferebatur
261 1251 377 1304 ducatus
387 1259 415 1304 et
423 1254 540 1321 imperia
551 1252 653 1316 ludere,
664 1252 838 1318 mergendum
850 1268 907 1304 ma-

106 1325 146 1392 ri,
169 1326 233 1378 dum
242 1329 409 1395 piscaretur,
430 1330 516 1380 servis
530 1328 617 1395 ipsius
629 1325 812 1379 demandavit.
851 1329 907 1379 Tu-

107 1417 186 1453 scum
197 1403 312 1453 nutricis
323 1403 409 1454 lilium
419 1404 566 1471 relegavit,
587 1402 661 1471 quod
671 1402 701 1453 in
711 1404 907 1471 procuratione

105 1477 230 1546 Aegypti
244 1478 361 1530 balineis
375 1479 404 1530 in
421 1479 567 1530 adventum
577 1493 655 1529 susum
666 1479 813 1530 exstructis
824 1478 906 1530 lavis·

106 1559 160 1605 set.
201 1552 332 1605 Senecam
351 1563 557 1624 praeceptorem
582 1554 616 1605 ad
641 1567 734 1605 necem
759 1554 905 1621 compulit3

107 1629 236 1698 quamvis
246 1643 328 1698 saepe
339 1635 520 1681 commeatum
530 1627 635 1698 petenti
648 1629 784 1698 bonisque
799 1629 907 1682 cedenti

106 1709 254 1773 persancte
264 1705 395 1769 iurasset,
416 1704 726 1776 suspectumeesrustre,
742 1705 905 1772 periturum-

107 1778 267 1848 quepote'us,
289 1779 569 1846 quamacciturumei.
608 1779 698 1832 Burro
709 1780 849 1847 praefecto
864 1796 906 1832 re·

105 1854 230 1907 medium
241 1855 276 1905 ad
285 1855 381 1907 fauces
390 1855 541 1922 pollicitus,
552 1856 676 1906 toxicum
685 1855 771 1906 misit.
808 1855 905 1906 Liber-

106 1938 154 1982 tos
165 1931 265 1982 divites
275 1935 403 1995 eteenes‚
425 1930 492 1982 olim
507 1927 679 1998 adoptionis,
700 1944 765 1980 mox
781 1928 905 1981 dominu-

107 2007 195 2056 tionis
205 2019 271 2057 suae
281 2005 405 2058 lautores
416 2013 499 2074 atque
511 2011 644 2068 rectores,
665 2017 783 2069 veneno,
804 2005 905 2073 partim

109 2081 189 2144 cibis,
200 2081 301 2148 partim
311 2081 472 2149 potionibus
482 2081 581 2144 indito,
592 2080 746 2146 intercepit.

165 2155 293 2206 xxxvl.
314 2155 372 2208 Nec
385 2157 492 2209 minore
506 2157 624 2208 saevitia
638 2153 708 2208 iuris
719 2156 786 2206 etin
795 2160 905 2208 exteros

107 2237 253 2300 grassatus
263 2237 313 2282 est.
353 2230 440 2282 Stella
450 2232 563 2296 crinita,
579 2247 650 2300 quae
660 2232 773 2282 summis
783 2238 905 2299 potesta-

107 2308 183 2359 tibus
204 2307 318 2358 exitium
331 2306 496 2374 portendere
509 2306 593 2374 vulgo
609 2311 734 2376 putatur,
755 2322 804 2375 per
818 2307 905 2358 conti·

107 2397 178 2434 uuas
188 2386 285 2434 noctes
297 2381 365 2434 oriri
375 2387 512 2449 coeperat.
551 2381 654 2434 Anxius
666 2397 699 2434 eu
708 2397 751 2445 re,
766 2387 798 2432 ut
807 2396 841 2432 ex
850 2381 904 2432 Ba-

106 2458 166 2510 bilo
179 2457 322 2525 astrologo
334 2456 443 2521 didicit,
455 2457 544 2508 solere
554 2471 632 2524 reges
644 2456 714 2508 talia
725 2462 833 2507 ostenta
845 2471 904 2508 cue-

108 2533 142 2586 de
164 2534 259 2601 aliqua
278 2533 382 2584 illustri
395 2532 507 2599 expiare
527 2538 609 2601 atque
629 2548 646 2582 a
664 2537 750 2582 semet
763 2532 792 2581 in
812 2532 905 2599 capita

106 2623 253 2678 procerum
266 2600 414 2676 depellere,
434 2607 608 2658 nobilissimo
625 2605 723 2672 cuique
733 2605 847 2657 exituum
859 2606 904 2658 de·

107 2685 232 2736 stinavit.
252 2683 400 2735 Enimvero
410 2681 497 2734 multo
508 2681 605 2748 magis,
616 2687 645 2733 et
654 2681 734 2747 qnasi
744 2695 793 2746 per
802 2681 903 2733 iustum

7 2795 9 2810 .
109 2775 235 2824 causam,
256 2757 362 2811 duobus
378 2756 616 2812 coniurationibus
632 2755 817 2824 provulgatis:
837 2771 904 2825 qua·
