<?xml version="1.0" encoding="UTF-8"?>
<!DOCTYPE html PUBLIC "-//W3C//DTD XHTML 1.0 Transitional//EN"
    "http://www.w3.org/TR/xhtml1/DTD/xhtml1-transitional.dtd">
<html xmlns="http://www.w3.org/1999/xhtml" xml:lang="en" lang="en">
 <head>
  <title>
</title>
<meta http-equiv="Content-Type" content="text/html;charset=utf-8" />
  <meta name='ocr-system' content='tesseract 3.04.00' />
  <meta name='ocr-capabilities' content='ocr_page ocr_carea ocr_par ocr_line ocrx_word'/>
</head>
<body>
  <div class='ocr_page' id='page_1' title='image "./csuetoniitranqu05suetgoog_0390.png"; bbox 0 0 2044 3028; ppageno 0'>
   <div class='ocr_carea' id='block_1_1' title="bbox 152 197 669 254">
    <p class='ocr_par' dir='ltr' id='par_1_1' title="bbox 152 197 669 254">
     <span class='ocr_line' id='line_1_1' title="bbox 152 197 669 254; baseline -0.015 0"><span class='ocrx_word' id='word_1_1' title='bbox 152 197 201 254; x_wconf 70' lang='grc'><strong>380</strong></span> <span class='ocrx_word' id='word_1_2' title='bbox 434 200 462 250; x_wconf 79' lang='lat' dir='ltr'><strong>G.</strong></span> <span class='ocrx_word' id='word_1_3' title='bbox 479 197 669 248; x_wconf 83' lang='lat' dir='ltr'><strong>SUETONH</strong></span> 
     </span>
    </p>
   </div>
   <div class='ocr_carea' id='block_1_2' title="bbox 329 319 763 376">
    <p class='ocr_par' dir='ltr' id='par_1_2' title="bbox 329 319 763 376">
     <span class='ocr_line' id='line_1_2' title="bbox 329 319 763 376; baseline 0.005 -2"><span class='ocrx_word' id='word_1_4' title='bbox 329 336 413 376; x_wconf 77' lang='lat' dir='ltr'><strong>nnus</strong></span> <span class='ocrx_word' id='word_1_5' title='bbox 431 335 617 376; x_wconf 80' lang='lat' dir='ltr'><strong>urs.xv1n.</strong></span> <span class='ocrx_word' id='word_1_6' title='bbox 639 337 666 374; x_wconf 86' lang='lat' dir='ltr'><strong>r.</strong></span> <span class='ocrx_word' id='word_1_7' title='bbox 687 319 763 376; x_wconf 72' lang='lat' dir='ltr'><strong>usti.</strong></span> 
     </span>
    </p>
   </div>
   <div class='ocr_carea' id='block_1_3' title="bbox 208 381 1016 482">
    <p class='ocr_par' dir='ltr' id='par_1_3' title="bbox 208 381 1016 482">
     <span class='ocr_line' id='line_1_3' title="bbox 208 381 1016 482; baseline 0.005 -13"><span class='ocrx_word' id='word_1_8' title='bbox 208 413 356 469; x_wconf 79' lang='lat' dir='ltr'><strong>Suetonius</strong></span> <span class='ocrx_word' id='word_1_9' title='bbox 375 415 404 468; x_wconf 90' lang='lat' dir='ltr'><strong>in</strong></span> <span class='ocrx_word' id='word_1_10' title='bbox 418 415 491 469; x_wconf 90' lang='lat' dir='ltr'><strong>Vlll.</strong></span> <span class='ocrx_word' id='word_1_11' title='bbox 507 414 682 468; x_wconf 73' lang='lat' dir='ltr'><strong>Praetommz</strong></span> <span class='ocrx_word' id='word_1_12' title='bbox 702 415 784 470; x_wconf 67' lang='lat' dir='ltr'><strong>Furti</strong></span> <span class='ocrx_word' id='word_1_13' title='bbox 802 416 859 470; x_wconf 74' lang='lat' dir='ltr'><strong>dice</strong></span> <span class='ocrx_word' id='word_1_14' title='bbox 879 426 953 482; x_wconf 69' lang='lat' dir='ltr'><strong>aaut,</strong></span> <span class='ocrx_word' id='word_1_15' title='bbox 1015 381 1016 404; x_wconf 14' lang='grc' dir='ltr'>ἶ</span> 
     </span>
    </p>
   </div>
   <div class='ocr_carea' id='block_1_4' title="bbox 150 489 954 620">
    <p class='ocr_par' dir='ltr' id='par_1_4' title="bbox 150 489 954 620">
     <span class='ocr_line' id='line_1_4' title="bbox 150 489 954 563; baseline 0.002 -19"><span class='ocrx_word' id='word_1_16' title='bbox 150 489 381 563; x_wconf 78' lang='lat' dir='ltr'><strong>inquiduefatur,</strong></span> <span class='ocrx_word' id='word_1_17' title='bbox 403 490 432 542; x_wconf 76' lang='lat' dir='ltr'><strong>id</strong></span> <span class='ocrx_word' id='word_1_18' title='bbox 445 499 496 556; x_wconf 78' lang='lat' dir='ltr'><strong>ert,</strong></span> <span class='ocrx_word' id='word_1_19' title='bbox 518 491 671 555; x_wconf 64' lang='lat' dir='ltr'><strong>dictumst</strong></span> <span class='ocrx_word' id='word_1_20' title='bbox 679 490 793 563; x_wconf 75' lang='lat' dir='ltr'><strong>nefasti,</strong></span> <span class='ocrx_word' id='word_1_21' title='bbox 815 491 954 560; x_wconf 73' lang='lat' dir='ltr'><strong>inquibus</strong></span> 
     </span>
     <span class='ocr_line' id='line_1_5' title="bbox 151 565 321 620; baseline -0.012 0"><span class='ocrx_word' id='word_1_22' title='bbox 151 583 204 620; x_wconf 81' lang='lat' dir='ltr'><strong>uon</strong></span> <span class='ocrx_word' id='word_1_23' title='bbox 215 565 321 620; x_wconf 80' lang='lat' dir='ltr'><strong>dicitur.</strong></span> 
     </span>
    </p>
   </div>
   <div class='ocr_carea' id='block_1_5' title="bbox 170 695 930 842">
    <p class='ocr_par' dir='ltr' id='par_1_5' title="bbox 170 695 930 842">
     <span class='ocr_line' id='line_1_6' title="bbox 170 695 930 764; baseline 0 -12"><span class='ocrx_word' id='word_1_24' title='bbox 170 695 224 752; x_wconf 80' lang='lat' dir='ltr'><strong>DE</strong></span> <span class='ocrx_word' id='word_1_25' title='bbox 248 695 374 750; x_wconf 85' lang='lat' dir='ltr'>LUDIS</span> <span class='ocrx_word' id='word_1_26' title='bbox 397 695 451 747; x_wconf 90' lang='lat' dir='ltr'><strong>ET</strong></span> <span class='ocrx_word' id='word_1_27' title='bbox 476 695 764 752; x_wconf 80' lang='lat' dir='ltr'><strong>SPECTAGULIS</strong></span> <span class='ocrx_word' id='word_1_28' title='bbox 789 697 930 764; x_wconf 82' lang='lat' dir='ltr'><strong>LIBER,</strong></span> 
     </span>
     <span class='ocr_line' id='line_1_7' title="bbox 365 786 729 842; baseline 0 -2"><span class='ocrx_word' id='word_1_29' title='bbox 365 789 448 842; x_wconf 76' lang='lat' dir='ltr'><strong>AUT</strong></span> <span class='ocrx_word' id='word_1_30' title='bbox 467 786 585 840; x_wconf 84' lang='lat' dir='ltr'><strong>LlBRl</strong></span> <span class='ocrx_word' id='word_1_31' title='bbox 604 787 729 842; x_wconf 85' lang='lat' dir='ltr'><strong>VARll.</strong></span> 
     </span>
    </p>
   </div>
   <div class='ocr_carea' id='block_1_6' title="bbox 286 893 812 933">
    <p class='ocr_par' dir='ltr' id='par_1_6' title="bbox 286 893 812 933">
     <span class='ocr_line' id='line_1_8' title="bbox 286 893 812 933; baseline 0 -1"><span class='ocrx_word' id='word_1_32' title='bbox 286 893 313 932; x_wconf 75' lang='grc' dir='ltr'><strong>Α.</strong></span> <span class='ocrx_word' id='word_1_33' title='bbox 334 893 485 932; x_wconf 70' lang='lat' dir='ltr'><strong>nunnius</strong></span> <span class='ocrx_word' id='word_1_34' title='bbox 505 895 571 932; x_wconf 72' lang='lat' dir='ltr'><strong>utu.</strong></span> <span class='ocrx_word' id='word_1_35' title='bbox 592 893 635 931; x_wconf 79' lang='lat'><strong>1¹.</strong></span> <span class='ocrx_word' id='word_1_36' title='bbox 657 894 728 932; x_wconf 72' lang='grc' dir='ltr'><strong>ΟΔΡ.</strong></span> <span class='ocrx_word' id='word_1_37' title='bbox 749 894 812 933; x_wconf 81' lang='lat' dir='ltr'><strong>vll.</strong></span> 
     </span>
    </p>
   </div>
   <div class='ocr_carea' id='block_1_7' title="bbox 153 969 952 1192">
    <p class='ocr_par' dir='ltr' id='par_1_7' title="bbox 153 969 952 1192">
     <span class='ocr_line' id='line_1_9' title="bbox 209 969 949 1026; baseline 0.004 -3"><span class='ocrx_word' id='word_1_38' title='bbox 209 969 263 1023; x_wconf 81' lang='lat' dir='ltr'><strong>Sed</strong></span> <span class='ocrx_word' id='word_1_39' title='bbox 282 969 316 1022; x_wconf 84' lang='lat' dir='ltr'><strong>de</strong></span> <span class='ocrx_word' id='word_1_40' title='bbox 336 971 436 1023; x_wconf 80' lang='lat' dir='ltr'><strong>fidibus</strong></span> <span class='ocrx_word' id='word_1_41' title='bbox 455 973 546 1023; x_wconf 86' lang='lat' dir='ltr'><strong>rarius</strong></span> <span class='ocrx_word' id='word_1_42' title='bbox 566 972 669 1022; x_wconf 87' lang='lat' dir='ltr'><strong>dictum</strong></span> <span class='ocrx_word' id='word_1_43' title='bbox 683 977 711 1023; x_wconf 89' lang='lat' dir='ltr'><strong>et</strong></span> <span class='ocrx_word' id='word_1_44' title='bbox 723 972 884 1024; x_wconf 81' lang='lat' dir='ltr'><strong>mirabilius</strong></span> <span class='ocrx_word' id='word_1_45' title='bbox 898 981 949 1026; x_wconf 83' lang='lat' dir='ltr'><strong>est.</strong></span> 
     </span>
     <span class='ocr_line' id='line_1_10' title="bbox 153 1043 951 1110; baseline 0.004 -12"><span class='ocrx_word' id='word_1_46' title='bbox 153 1043 241 1110; x_wconf 79' lang='lat' dir='ltr'><strong>Quam</strong></span> <span class='ocrx_word' id='word_1_47' title='bbox 251 1059 308 1097; x_wconf 88' lang='lat' dir='ltr'><strong>rem</strong></span> <span class='ocrx_word' id='word_1_48' title='bbox 319 1051 346 1098; x_wconf 87' lang='lat' dir='ltr'><strong>et</strong></span> <span class='ocrx_word' id='word_1_49' title='bbox 356 1047 406 1097; x_wconf 87' lang='lat' dir='ltr'><strong>alii</strong></span> <span class='ocrx_word' id='word_1_50' title='bbox 416 1046 492 1098; x_wconf 87' lang='lat' dir='ltr'><strong>docti</strong></span> <span class='ocrx_word' id='word_1_51' title='bbox 501 1047 554 1098; x_wconf 85' lang='lat' dir='ltr'><strong>viri</strong></span> <span class='ocrx_word' id='word_1_52' title='bbox 569 1052 596 1098; x_wconf 87' lang='lat' dir='ltr'><strong>et</strong></span> <span class='ocrx_word' id='word_1_53' title='bbox 607 1046 753 1098; x_wconf 82' lang='lat' dir='ltr'><strong>Suetonius</strong></span> <span class='ocrx_word' id='word_1_54' title='bbox 764 1049 849 1098; x_wconf 88' lang='lat' dir='ltr'><strong>etiam</strong></span> <span class='ocrx_word' id='word_1_55' title='bbox 862 1049 951 1100; x_wconf 87' lang='lat' dir='ltr'><strong>Tran-</strong></span> 
     </span>
     <span class='ocr_line' id='line_1_11' title="bbox 155 1119 952 1192; baseline 0.006 -21"><span class='ocrx_word' id='word_1_56' title='bbox 155 1120 257 1189; x_wconf 86' lang='lat' dir='ltr'><strong>quillus</strong></span> <span class='ocrx_word' id='word_1_57' title='bbox 267 1120 295 1171; x_wconf 88' lang='lat' dir='ltr'><strong>iu</strong></span> <span class='ocrx_word' id='word_1_58' title='bbox 306 1120 378 1173; x_wconf 88' lang='lat' dir='ltr'><strong>libro</strong></span> <span class='ocrx_word' id='word_1_59' title='bbox 384 1121 500 1173; x_wconf 73' lang='lat' dir='ltr'><strong>ludicrae</strong></span> <span class='ocrx_word' id='word_1_60' title='bbox 510 1119 637 1173; x_wconf 73' lang='lat' dir='ltr'><strong>lictoriae</strong></span> <span class='ocrx_word' id='word_1_61' title='bbox 646 1121 734 1189; x_wconf 89' lang='lat' dir='ltr'><strong>primo</strong></span> <span class='ocrx_word' id='word_1_62' title='bbox 746 1123 815 1174; x_wconf 85' lang='lat' dir='ltr'><strong>satis</strong></span> <span class='ocrx_word' id='word_1_63' title='bbox 827 1139 952 1192; x_wconf 88' lang='lat' dir='ltr'><strong>comper-</strong></span> 
     </span>
    </p>
   </div>
   <div class='ocr_carea' id='block_1_8' title="bbox 151 1197 951 1396">
    <p class='ocr_par' dir='ltr' id='par_1_8' title="bbox 151 1197 951 1396">
     <span class='ocr_line' id='line_1_12' title="bbox 151 1197 951 1264; baseline 0.005 -18"><span class='ocrx_word' id='word_1_64' title='bbox 151 1201 294 1259; x_wconf 79' lang='lat' dir='ltr'><strong>tamesae,</strong></span> <span class='ocrx_word' id='word_1_65' title='bbox 315 1197 438 1264; x_wconf 81' lang='lat' dir='ltr'><strong>satisque</strong></span> <span class='ocrx_word' id='word_1_66' title='bbox 453 1204 534 1263; x_wconf 80' lang='lat' dir='ltr'><strong>super</strong></span> <span class='ocrx_word' id='word_1_67' title='bbox 548 1211 582 1248; x_wconf 87' lang='lat' dir='ltr'><strong>ea</strong></span> <span class='ocrx_word' id='word_1_68' title='bbox 596 1202 722 1248; x_wconf 77' lang='lat' dir='ltr'><strong>constare</strong></span> <span class='ocrx_word' id='word_1_69' title='bbox 737 1197 869 1250; x_wconf 85' lang='lat' dir='ltr'><strong>affirmat:</strong></span> <span class='ocrx_word' id='word_1_70' title='bbox 890 1216 951 1250; x_wconf 84' lang='lat' dir='ltr'><strong>ner-</strong></span> 
     </span>
     <span class='ocr_line' id='line_1_13' title="bbox 151 1269 949 1340; baseline 0.004 -19"><span class='ocrx_word' id='word_1_71' title='bbox 151 1269 208 1321; x_wconf 77' lang='lat' dir='ltr'><strong>eiar</strong></span> <span class='ocrx_word' id='word_1_72' title='bbox 217 1269 349 1340; x_wconf 71' lang='lat' dir='ltr'><strong>infide&#39;dm</strong></span> <span class='ocrx_word' id='word_1_73' title='bbox 360 1270 473 1322; x_wconf 76' lang='lat' dir='ltr'><strong>brumali</strong></span> <span class='ocrx_word' id='word_1_74' title='bbox 486 1270 527 1322; x_wconf 75' lang='lat' dir='ltr'><strong>ate</strong></span> <span class='ocrx_word' id='word_1_75' title='bbox 542 1270 609 1322; x_wconf 73' lang='lat' dir='ltr'><strong>uliae</strong></span> <span class='ocrx_word' id='word_1_76' title='bbox 624 1269 717 1340; x_wconf 73' lang='lat' dir='ltr'><strong>digitis</strong></span> <span class='ocrx_word' id='word_1_77' title='bbox 727 1271 803 1338; x_wconf 75' lang='lat' dir='ltr'><strong>pelli,</strong></span> <span class='ocrx_word' id='word_1_78' title='bbox 825 1272 893 1324; x_wconf 77' lang='lat' dir='ltr'><strong>uliae</strong></span> <span class='ocrx_word' id='word_1_79' title='bbox 908 1290 949 1324; x_wconf 79' lang='lat' dir='ltr'><strong>ro·</strong></span> 
     </span>
     <span class='ocr_line' id='line_1_14' title="bbox 152 1359 225 1396; baseline -0.014 0"><span class='ocrx_word' id='word_1_80' title='bbox 152 1359 225 1396; x_wconf 82' lang='lat' dir='ltr'><strong>nare.</strong></span> 
     </span>
    </p>
   </div>
   <div class='ocr_carea' id='block_1_9' title="bbox 155 1467 948 1522">
    <p class='ocr_par' dir='ltr' id='par_1_9' title="bbox 155 1467 948 1522">
     <span class='ocr_line' id='line_1_15' title="bbox 155 1467 948 1522; baseline 0.004 -16"><span class='ocrx_word' id='word_1_81' title='bbox 155 1467 423 1508; x_wconf 71' lang='lat' dir='ltr'><strong>TERTULUSNUS</strong></span> <span class='ocrx_word' id='word_1_82' title='bbox 451 1467 495 1506; x_wconf 79' lang='lat' dir='ltr'><strong>DE</strong></span> <span class='ocrx_word' id='word_1_83' title='bbox 522 1468 772 1522; x_wconf 69' lang='lat' dir='ltr'><strong>senonicum,</strong></span> <span class='ocrx_word' id='word_1_84' title='bbox 806 1470 877 1509; x_wconf 68' lang='grc' dir='ltr'><strong>ΜΡ.</strong></span> <span class='ocrx_word' id='word_1_85' title='bbox 901 1471 948 1510; x_wconf 76' lang='lat' dir='ltr'><strong>Vl.</strong></span> 
     </span>
    </p>
   </div>
   <div class='ocr_carea' id='block_1_10' title="bbox 151 1545 949 1774">
    <p class='ocr_par' dir='ltr' id='par_1_10' title="bbox 151 1545 949 1774">
     <span class='ocr_line' id='line_1_16' title="bbox 209 1545 949 1616; baseline 0.008 -20"><span class='ocrx_word' id='word_1_86' title='bbox 209 1545 276 1611; x_wconf 77' lang='lat' dir='ltr'><strong>Qui,</strong></span> <span class='ocrx_word' id='word_1_87' title='bbox 292 1553 412 1615; x_wconf 82' lang='lat' dir='ltr'><strong>quotque</strong></span> <span class='ocrx_word' id='word_1_88' title='bbox 422 1548 451 1598; x_wconf 93' lang='lat' dir='ltr'><strong>iu</strong></span> <span class='ocrx_word' id='word_1_89' title='bbox 462 1547 599 1604; x_wconf 83' lang='lat' dir='ltr'><strong>ordinem.</strong></span> <span class='ocrx_word' id='word_1_90' title='bbox 614 1548 649 1600; x_wconf 91' lang='lat' dir='ltr'><strong>de</strong></span> <span class='ocrx_word' id='word_1_91' title='bbox 659 1547 758 1616; x_wconf 82' lang='lat' dir='ltr'><strong>quibus</strong></span> <span class='ocrx_word' id='word_1_92' title='bbox 768 1548 855 1600; x_wconf 86' lang='lat' dir='ltr'><strong>idolis</strong></span> <span class='ocrx_word' id='word_1_93' title='bbox 865 1549 949 1602; x_wconf 85' lang='lat' dir='ltr'><strong>ludos</strong></span> 
     </span>
     <span class='ocr_line' id='line_1_17' title="bbox 151 1621 949 1693; baseline 0.005 -21"><span class='ocrx_word' id='word_1_94' title='bbox 151 1621 341 1686; x_wconf 86' lang='lat' dir='ltr'><strong>instituerunt,</strong></span> <span class='ocrx_word' id='word_1_95' title='bbox 361 1621 481 1690; x_wconf 89' lang='lat' dir='ltr'><strong>positum</strong></span> <span class='ocrx_word' id='word_1_96' title='bbox 492 1628 534 1676; x_wconf 87' lang='lat' dir='ltr'><strong>est</strong></span> <span class='ocrx_word' id='word_1_97' title='bbox 544 1623 618 1690; x_wconf 86' lang='lat' dir='ltr'><strong>apud</strong></span> <span class='ocrx_word' id='word_1_98' title='bbox 628 1623 789 1675; x_wconf 83' lang='lat' dir='ltr'><strong>Suetonium</strong></span> <span class='ocrx_word' id='word_1_99' title='bbox 799 1625 949 1693; x_wconf 88' lang='lat' dir='ltr'><strong>Tranquil-</strong></span> 
     </span>
     <span class='ocr_line' id='line_1_18' title="bbox 152 1694 750 1774; baseline 0.008 -29"><span class='ocrx_word' id='word_1_100' title='bbox 152 1695 218 1760; x_wconf 85' lang='lat' dir='ltr'><strong>lum,</strong></span> <span class='ocrx_word' id='word_1_101' title='bbox 229 1694 281 1759; x_wconf 87' lang='lat' dir='ltr'><strong>vel‚</strong></span> <span class='ocrx_word' id='word_1_102' title='bbox 293 1711 310 1746; x_wconf 90' lang='lat' dir='ltr'><strong>a</strong></span> <span class='ocrx_word' id='word_1_103' title='bbox 321 1698 422 1764; x_wconf 85' lang='lat' dir='ltr'><strong>quibus</strong></span> <span class='ocrx_word' id='word_1_104' title='bbox 434 1698 613 1766; x_wconf 89' lang='lat' dir='ltr'><strong>Tranquillus</strong></span> <span class='ocrx_word' id='word_1_105' title='bbox 624 1699 750 1774; x_wconf 82' lang='lat' dir='ltr'><strong>accepit.¹</strong></span> 
     </span>
    </p>
   </div>
   <div class='ocr_carea' id='block_1_11' title="bbox 218 1805 876 1858">
    <p class='ocr_par' dir='ltr' id='par_1_11' title="bbox 218 1805 876 1858">
     <span class='ocr_line' id='line_1_19' title="bbox 218 1805 876 1858; baseline 0.006 -4"><span class='ocrx_word' id='word_1_106' title='bbox 218 1817 397 1856; x_wconf 81' lang='lat' dir='ltr'><strong>urouuuns</strong></span> <span class='ocrx_word' id='word_1_107' title='bbox 418 1819 590 1857; x_wconf 72' lang='lat' dir='ltr'><strong>susurru.</strong></span> <span class='ocrx_word' id='word_1_108' title='bbox 610 1819 675 1858; x_wconf 81' lang='lat' dir='ltr'><strong>ura.</strong></span> <span class='ocrx_word' id='word_1_109' title='bbox 695 1820 746 1858; x_wconf 87' lang='lat'>111.</span> <span class='ocrx_word' id='word_1_110' title='bbox 768 1820 795 1858; x_wconf 68' lang='grc' dir='ltr'><strong>ι’.</strong></span> <span class='ocrx_word' id='word_1_111' title='bbox 816 1805 876 1858; x_wconf 75' lang='lat' dir='ltr'><strong>tau.</strong></span> 
     </span>
    </p>
   </div>
   <div class='ocr_carea' id='block_1_12' title="bbox 209 1883 1016 1965">
    <p class='ocr_par' dir='ltr' id='par_1_12' title="bbox 209 1883 1016 1965">
     <span class='ocr_line' id='line_1_20' title="bbox 209 1883 1016 1965; baseline 0.005 -19"><span class='ocrx_word' id='word_1_112' title='bbox 209 1895 308 1947; x_wconf 82' lang='lat' dir='ltr'><strong>Primis</strong></span> <span class='ocrx_word' id='word_1_113' title='bbox 318 1897 488 1965; x_wconf 80' lang='lat' dir='ltr'><strong>temporibus</strong></span> <span class='ocrx_word' id='word_1_114' title='bbox 499 1899 603 1963; x_wconf 87' lang='lat' dir='ltr'><strong>omnia,</strong></span> <span class='ocrx_word' id='word_1_115' title='bbox 620 1912 690 1965; x_wconf 88' lang='lat' dir='ltr'><strong>quae</strong></span> <span class='ocrx_word' id='word_1_116' title='bbox 704 1898 733 1950; x_wconf 89' lang='lat' dir='ltr'><strong>iu</strong></span> <span class='ocrx_word' id='word_1_117' title='bbox 744 1912 827 1950; x_wconf 84' lang='lat' dir='ltr'><strong>scena</strong></span> <span class='ocrx_word' id='word_1_118' title='bbox 837 1913 951 1952; x_wconf 86' lang='lat' dir='ltr'><strong>versan·</strong></span> <span class='ocrx_word' id='word_1_119' title='bbox 1015 1883 1016 1950; x_wconf 39' lang='grc' dir='ltr'>ἕ</span> 
     </span>
    </p>
   </div>
   <div class='ocr_carea' id='block_1_13' title="bbox 151 1971 953 2040">
    <p class='ocr_par' dir='ltr' id='par_1_13' title="bbox 151 1971 953 2040">
     <span class='ocr_line' id='line_1_21' title="bbox 151 1971 953 2040; baseline 0.006 -18"><span class='ocrx_word' id='word_1_120' title='bbox 151 1977 209 2035; x_wconf 89' lang='lat' dir='ltr'><strong>tur,</strong></span> <span class='ocrx_word' id='word_1_121' title='bbox 229 1972 259 2022; x_wconf 87' lang='lat' dir='ltr'><strong>in</strong></span> <span class='ocrx_word' id='word_1_122' title='bbox 274 1972 418 2024; x_wconf 82' lang='lat' dir='ltr'><strong>comoedia</strong></span> <span class='ocrx_word' id='word_1_123' title='bbox 434 1973 593 2040; x_wconf 82' lang='lat' dir='ltr'><strong>agebantur.</strong></span> <span class='ocrx_word' id='word_1_124' title='bbox 631 1971 701 2024; x_wconf 90' lang='lat' dir='ltr'><strong>Nam</strong></span> <span class='ocrx_word' id='word_1_125' title='bbox 716 1971 909 2026; x_wconf 85' lang='lat' dir='ltr'><strong>Pantomimus</strong></span> <span class='ocrx_word' id='word_1_126' title='bbox 923 1981 953 2027; x_wconf 84' lang='lat' dir='ltr'><strong>et</strong></span> 
     </span>
    </p>
   </div>
   <div class='ocr_carea' id='block_1_14' title="bbox 152 2043 966 2112">
    <p class='ocr_par' dir='ltr' id='par_1_14' title="bbox 152 2043 966 2112">
     <span class='ocr_line' id='line_1_22' title="bbox 152 2043 966 2112; baseline 0.005 -16"><span class='ocrx_word' id='word_1_127' title='bbox 152 2043 303 2112; x_wconf 86' lang='lat' dir='ltr'><strong>Pytheules</strong></span> <span class='ocrx_word' id='word_1_128' title='bbox 313 2053 340 2098; x_wconf 88' lang='lat' dir='ltr'><strong>ct</strong></span> <span class='ocrx_word' id='word_1_129' title='bbox 351 2045 502 2099; x_wconf 75' lang='lat' dir='ltr'><strong>choraules</strong></span> <span class='ocrx_word' id='word_1_130' title='bbox 512 2049 541 2098; x_wconf 91' lang='lat' dir='ltr'><strong>in</strong></span> <span class='ocrx_word' id='word_1_131' title='bbox 553 2046 698 2100; x_wconf 83' lang='lat' dir='ltr'><strong>comoedia</strong></span> <span class='ocrx_word' id='word_1_132' title='bbox 708 2048 853 2100; x_wconf 72' lang='lat' dir='ltr'><strong>cauebant,</strong></span> <span class='ocrx_word' id='word_1_133' title='bbox 894 2049 951 2102; x_wconf 88' lang='lat' dir='ltr'><strong>Sed</strong></span> <span class='ocrx_word' id='word_1_134' title='bbox 964 2088 966 2093; x_wconf 88' lang='lat'><em>.</em></span> 
     </span>
    </p>
   </div>
   <div class='ocr_carea' id='block_1_15' title="bbox 153 2121 950 2342">
    <p class='ocr_par' dir='ltr' id='par_1_15' title="bbox 153 2121 950 2342">
     <span class='ocr_line' id='line_1_23' title="bbox 154 2121 950 2190; baseline 0.008 -20"><span class='ocrx_word' id='word_1_135' title='bbox 154 2121 284 2188; x_wconf 88' lang='lat' dir='ltr'><strong>quianon</strong></span> <span class='ocrx_word' id='word_1_136' title='bbox 294 2123 526 2188; x_wconf 90' lang='lat' dir='ltr'><strong>poterantomnia</strong></span> <span class='ocrx_word' id='word_1_137' title='bbox 536 2122 618 2174; x_wconf 90' lang='lat' dir='ltr'><strong>simul</strong></span> <span class='ocrx_word' id='word_1_138' title='bbox 634 2123 706 2190; x_wconf 87' lang='lat' dir='ltr'><strong>apud</strong></span> <span class='ocrx_word' id='word_1_139' title='bbox 722 2139 816 2175; x_wconf 88' lang='lat' dir='ltr'><strong>omues</strong></span> <span class='ocrx_word' id='word_1_140' title='bbox 827 2124 950 2176; x_wconf 81' lang='lat' dir='ltr'><strong>artifices</strong></span> 
     </span>
     <span class='ocr_line' id='line_1_24' title="bbox 153 2194 948 2264; baseline 0.01 -20"><span class='ocrx_word' id='word_1_141' title='bbox 153 2195 257 2262; x_wconf 89' lang='lat' dir='ltr'><strong>pariter</strong></span> <span class='ocrx_word' id='word_1_142' title='bbox 272 2194 417 2261; x_wconf 87' lang='lat' dir='ltr'><strong>excellere,</strong></span> <span class='ocrx_word' id='word_1_143' title='bbox 438 2198 463 2249; x_wconf 85' lang='lat' dir='ltr'><strong>si</strong></span> <span class='ocrx_word' id='word_1_144' title='bbox 477 2198 525 2264; x_wconf 89' lang='lat' dir='ltr'><strong>qui</strong></span> <span class='ocrx_word' id='word_1_145' title='bbox 540 2203 619 2250; x_wconf 88' lang='lat' dir='ltr'><strong>erant</strong></span> <span class='ocrx_word' id='word_1_146' title='bbox 631 2199 704 2250; x_wconf 88' lang='lat' dir='ltr'><strong>iuter</strong></span> <span class='ocrx_word' id='word_1_147' title='bbox 718 2203 827 2250; x_wconf 88' lang='lat' dir='ltr'><strong>actores</strong></span> <span class='ocrx_word' id='word_1_148' title='bbox 838 2214 948 2252; x_wconf 85' lang='lat' dir='ltr'><strong>comoe-</strong></span> 
     </span>
     <span class='ocr_line' id='line_1_25' title="bbox 154 2269 949 2342; baseline 0.008 -23"><span class='ocrx_word' id='word_1_149' title='bbox 154 2269 262 2320; x_wconf 88' lang='lat' dir='ltr'><strong>diarum</strong></span> <span class='ocrx_word' id='word_1_150' title='bbox 277 2285 327 2338; x_wconf 90' lang='lat' dir='ltr'><strong>pro</strong></span> <span class='ocrx_word' id='word_1_151' title='bbox 342 2270 474 2322; x_wconf 83' lang='lat' dir='ltr'><strong>facultate</strong></span> <span class='ocrx_word' id='word_1_152' title='bbox 489 2278 516 2323; x_wconf 88' lang='lat' dir='ltr'><strong>et</strong></span> <span class='ocrx_word' id='word_1_153' title='bbox 531 2279 590 2324; x_wconf 88' lang='lat' dir='ltr'><strong>arte</strong></span> <span class='ocrx_word' id='word_1_154' title='bbox 604 2272 741 2339; x_wconf 86' lang='lat' dir='ltr'><strong>potiores,</strong></span> <span class='ocrx_word' id='word_1_155' title='bbox 761 2273 949 2342; x_wconf 82' lang='lat' dir='ltr'><strong>principatum</strong></span> 
     </span>
    </p>
   </div>
   <div class='ocr_carea' id='block_1_16' title="bbox 153 2337 1016 2490">
    <p class='ocr_par' dir='ltr' id='par_1_16' title="bbox 153 2337 1016 2490">
     <span class='ocr_line' id='line_1_26' title="bbox 154 2337 1016 2411; baseline 0.006 -17"><span class='ocrx_word' id='word_1_156' title='bbox 154 2343 210 2395; x_wconf 86' lang='lat' dir='ltr'><strong>sibi</strong></span> <span class='ocrx_word' id='word_1_157' title='bbox 221 2344 332 2394; x_wconf 85' lang='lat' dir='ltr'><strong>artificii</strong></span> <span class='ocrx_word' id='word_1_158' title='bbox 341 2345 528 2398; x_wconf 86' lang='lat' dir='ltr'><strong>vindicabant.</strong></span> <span class='ocrx_word' id='word_1_159' title='bbox 568 2347 614 2398; x_wconf 83' lang='lat' dir='ltr'><strong>Sic</strong></span> <span class='ocrx_word' id='word_1_160' title='bbox 622 2345 727 2398; x_wconf 84' lang='lat' dir='ltr'><strong>factum</strong></span> <span class='ocrx_word' id='word_1_161' title='bbox 737 2354 790 2411; x_wconf 87' lang='lat' dir='ltr'><strong>est,</strong></span> <span class='ocrx_word' id='word_1_162' title='bbox 800 2352 840 2411; x_wconf 84' lang='lat' dir='ltr'><strong>ut,</strong></span> <span class='ocrx_word' id='word_1_163' title='bbox 851 2349 947 2401; x_wconf 90' lang='lat' dir='ltr'><strong>uolen-</strong></span> <span class='ocrx_word' id='word_1_164' title='bbox 1015 2337 1016 2392; x_wconf 61' lang='lat' dir='ltr'><strong>l</strong></span> 
     </span>
     <span class='ocr_line' id='line_1_27' title="bbox 153 2417 1016 2490; baseline 0.009 -23"><span class='ocrx_word' id='word_1_165' title='bbox 153 2418 228 2468; x_wconf 90' lang='lat' dir='ltr'><strong>tibus</strong></span> <span class='ocrx_word' id='word_1_166' title='bbox 239 2417 334 2471; x_wconf 86' lang='lat' dir='ltr'><strong>cedere</strong></span> <span class='ocrx_word' id='word_1_167' title='bbox 344 2419 435 2470; x_wconf 89' lang='lat' dir='ltr'><strong>mimis</strong></span> <span class='ocrx_word' id='word_1_168' title='bbox 445 2422 473 2471; x_wconf 89' lang='lat' dir='ltr'><strong>iu</strong></span> <span class='ocrx_word' id='word_1_169' title='bbox 485 2422 603 2473; x_wconf 84' lang='lat' dir='ltr'><strong>artificio</strong></span> <span class='ocrx_word' id='word_1_170' title='bbox 615 2437 666 2472; x_wconf 89' lang='lat' dir='ltr'><strong>suo</strong></span> <span class='ocrx_word' id='word_1_171' title='bbox 678 2423 788 2486; x_wconf 89' lang='lat' dir='ltr'><strong>ceteris,</strong></span> <span class='ocrx_word' id='word_1_172' title='bbox 803 2423 945 2490; x_wconf 81' lang='lat' dir='ltr'><strong>separatio</strong></span> <span class='ocrx_word' id='word_1_173' title='bbox 1015 2421 1016 2466; x_wconf 66' lang='grc' dir='ltr'><strong>ἓ</strong></span> 
     </span>
    </p>
   </div>
   <div class='ocr_carea' id='block_1_17' title="bbox 153 2491 947 2564">
    <p class='ocr_par' dir='ltr' id='par_1_17' title="bbox 153 2491 947 2564">
     <span class='ocr_line' id='line_1_28' title="bbox 153 2491 947 2564; baseline 0.011 -24"><span class='ocrx_word' id='word_1_174' title='bbox 153 2491 230 2542; x_wconf 87' lang='lat' dir='ltr'><strong>fieret</strong></span> <span class='ocrx_word' id='word_1_175' title='bbox 244 2492 420 2559; x_wconf 89' lang='lat' dir='ltr'><strong>reliquorum.</strong></span> <span class='ocrx_word' id='word_1_176' title='bbox 459 2495 529 2547; x_wconf 90' lang='lat' dir='ltr'><strong>Nam</strong></span> <span class='ocrx_word' id='word_1_177' title='bbox 541 2496 604 2547; x_wconf 89' lang='lat' dir='ltr'><strong>dum</strong></span> <span class='ocrx_word' id='word_1_178' title='bbox 619 2497 742 2564; x_wconf 87' lang='lat' dir='ltr'><strong>potiores</strong></span> <span class='ocrx_word' id='word_1_179' title='bbox 757 2495 947 2562; x_wconf 84' lang='lat' dir='ltr'><strong>inferioribus,</strong></span> 
     </span>
    </p>
   </div>
   <div class='ocr_carea' id='block_1_18' title="bbox 154 2565 1016 2639">
    <p class='ocr_par' dir='ltr' id='par_1_18' title="bbox 154 2565 1016 2639">
     <span class='ocr_line' id='line_1_29' title="bbox 154 2565 1016 2639; baseline 0.014 -25"><span class='ocrx_word' id='word_1_180' title='bbox 154 2565 202 2630; x_wconf 91' lang='lat' dir='ltr'><strong>qui</strong></span> <span class='ocrx_word' id='word_1_181' title='bbox 212 2566 241 2616; x_wconf 88' lang='lat' dir='ltr'><strong>in</strong></span> <span class='ocrx_word' id='word_1_182' title='bbox 252 2567 327 2618; x_wconf 90' lang='lat' dir='ltr'><strong>omui</strong></span> <span class='ocrx_word' id='word_1_183' title='bbox 337 2569 487 2635; x_wconf 82' lang='lat' dir='ltr'><strong>ergasterio</strong></span> <span class='ocrx_word' id='word_1_184' title='bbox 499 2577 590 2636; x_wconf 85' lang='lat' dir='ltr'><strong>erant,</strong></span> <span class='ocrx_word' id='word_1_185' title='bbox 605 2572 706 2624; x_wconf 84' lang='lat' dir='ltr'><strong>servire</strong></span> <span class='ocrx_word' id='word_1_186' title='bbox 718 2572 947 2639; x_wconf 82' lang='lat' dir='ltr'><strong>dedignabantur,</strong></span> <span class='ocrx_word' id='word_1_187' title='bbox 1015 2571 1016 2586; x_wconf 62' lang='lat'>¹</span> 
     </span>
    </p>
   </div>
   <div class='ocr_carea' id='block_1_19' title="bbox 154 2639 947 2792">
    <p class='ocr_par' dir='ltr' id='par_1_19' title="bbox 154 2639 947 2792">
     <span class='ocr_line' id='line_1_30' title="bbox 154 2639 947 2714; baseline 0.019 -28"><span class='ocrx_word' id='word_1_188' title='bbox 154 2652 183 2687; x_wconf 92' lang='lat' dir='ltr'><strong>se</strong></span> <span class='ocrx_word' id='word_1_189' title='bbox 193 2639 269 2704; x_wconf 89' lang='lat' dir='ltr'><strong>ipsos</strong></span> <span class='ocrx_word' id='word_1_190' title='bbox 279 2655 296 2690; x_wconf 88' lang='lat' dir='ltr'><strong>u</strong></span> <span class='ocrx_word' id='word_1_191' title='bbox 307 2643 450 2695; x_wconf 87' lang='lat' dir='ltr'><strong>comoedia</strong></span> <span class='ocrx_word' id='word_1_192' title='bbox 460 2652 668 2714; x_wconf 87' lang='lat' dir='ltr'><strong>separaverunt:</strong></span> <span class='ocrx_word' id='word_1_193' title='bbox 689 2663 722 2699; x_wconf 87' lang='lat' dir='ltr'><strong>ac</strong></span> <span class='ocrx_word' id='word_1_194' title='bbox 731 2647 772 2698; x_wconf 79' lang='lat' dir='ltr'><strong>sic</strong></span> <span class='ocrx_word' id='word_1_195' title='bbox 781 2646 886 2700; x_wconf 82' lang='lat' dir='ltr'><strong>facturn</strong></span> <span class='ocrx_word' id='word_1_196' title='bbox 897 2653 947 2713; x_wconf 80' lang='lat' dir='ltr'><strong>est,</strong></span> 
     </span>
     <span class='ocr_line' id='line_1_31' title="bbox 154 2713 947 2792; baseline 0.025 -34"><span class='ocrx_word' id='word_1_197' title='bbox 154 2717 185 2759; x_wconf 87' lang='lat' dir='ltr'><strong>ut</strong></span> <span class='ocrx_word' id='word_1_198' title='bbox 204 2713 327 2780; x_wconf 83' lang='lat' dir='ltr'><strong>exemplo</strong></span> <span class='ocrx_word' id='word_1_199' title='bbox 348 2718 431 2770; x_wconf 89' lang='lat' dir='ltr'><strong>semel</strong></span> <span class='ocrx_word' id='word_1_200' title='bbox 451 2727 572 2788; x_wconf 83' lang='lat' dir='ltr'><strong>sumpto,</strong></span> <span class='ocrx_word' id='word_1_201' title='bbox 592 2722 779 2792; x_wconf 69' lang='lat' dir='ltr'><strong>uniusquisque</strong></span> <span class='ocrx_word' id='word_1_202' title='bbox 798 2722 867 2778; x_wconf 84' lang='lat' dir='ltr'><strong>artis</strong></span> <span class='ocrx_word' id='word_1_203' title='bbox 880 2738 947 2778; x_wconf 76' lang='lat' dir='ltr'><strong>suae</strong></span> 
     </span>
    </p>
   </div>
   <div class='ocr_carea' id='block_1_20' title="bbox 0 0 1028 3028">
    <p class='ocr_par' dir='ltr' id='par_1_20' title="bbox 0 0 1028 3028">
     <span class='ocr_line' id='line_1_32' title="bbox 0 0 1028 3028; baseline 0 0"><span class='ocrx_word' id='word_1_204' title='bbox 0 0 1028 3028; x_wconf 95' lang='lat' dir='ltr'><strong> </strong></span> 
     </span>
    </p>
   </div>
  </div>
 </body>
</html>
