2044 3028
141 795 174 848 0.
205 795 433 849 SUETONII
465 802 762 868 TRANQUILLI

237 957 384 1003 LIBER
424 961 663 1011 OCTAVUS.

3 1117 4 1120 ¹
44 1107 459 1202 ursus-anavus
490 1113 849 1188 vaseusmuus.
940 1125 942 1130 ’

363 1293 540 1302 ---—-....

363 1304 540 1315 Μ...-

3 1447 4 1460 ’
102 1441 125 1492 1.
150 1413 257 1506 Titus,
269 1445 431 1511 cognomine
441 1452 571 1512 paterno,
593 1463 671 1502 amor
685 1467 718 1504 ac
732 1454 849 1508 deliciae

3 1507 5 1530 '
38 1517 158 1584 generis
169 1515 294 1582 humani,
315 1521 432 1582 (tantum
442 1521 487 1572 illi
496 1521 532 1574 ad
543 1527 751 1592 promerendam
763 1533 849 1582 omni-

38 1609 90 1644 um
102 1592 277 1644 voluntatem
287 1594 330 1645 vel
347 1595 451 1660 ingenii
464 1597 508 1648 vel
519 1600 588 1650 artis
603 1601 646 1652 vel
661 1601 790 1656 fortunae
805 1623 848 1656 su-

40 1666 163 1736 perfuit,
175 1673 210 1731 et,
217 1669 292 1734 quod
302 1669 493 1721 difficillimum
504 1678 554 1736 est,
565 1675 594 1724 in
604 1675 730 1744 imperio,
737 1681 847 1746 quando

40 1744 173 1810 privatus
186 1749 268 1810 atque
279 1745 362 1796 etiam
373 1745 423 1794 sub
435 1751 513 1811 patre
528 1749 652 1817 principe
666 1769 699 1805 ne
711 1755 776 1807 odio
789 1758 847 1823 qui-

4 1841 5 1846 =
40 1819 122 1881 dem,
139 1818 239 1868 nedum
251 1819 452 1884 vituperatione
461 1821 574 1890 publica
586 1828 699 1890 caruit),
715 1837 796 1880 natus
807 1838 849 1882 est

39 1893 92 1943 111.
104 1891 250 1961 Kalendas
265 1893 422 1956 lanuarias,
443 1894 546 1962 insigni
564 1913 635 1950 anuo
653 1902 758 1954 Gaiana
772 1921 846 1969 nece,

39 1984 134 2034 prope
146 1967 349 2034 Septizonium,
366 1968 487 2020 sordidis
498 1971 625 2037 aedibus,
643 1976 769 2028 cubiculo
781 1995 846 2030 vero

38 2057 183 2111 perparvo
191 2049 218 2094 et
228 2044 360 2095 obscuro:
372 2059 435 2093 nam
445 2051 537 2096 manet
546 2046 637 2099 adhuc
646 2058 674 2100 et
683 2053 846 2105 ostenditur.

101 2117 136 2168 ll.
159 2117 300 2169 Educatus
320 2119 349 2167 in
365 2117 430 2168 aula
445 2135 505 2170 oum
520 2120 680 2176 Britannico
696 2128 792 2193 simul,
814 2146 847 2180 ac

38 2193 161 2262 paribus
172 2192 333 2259 disciplinis
347 2199 373 2244 et
388 2194 461 2258 apud
476 2196 586 2248 eosdem
599 2202 748 2266 magistros
768 2205 845 2256 insti-

37 2274 130 2319 tutus.
173 2268 236 2329 Quo
248 2267 358 2335 quidem
367 2273 503 2334 tempore,
519 2273 608 2336 aiunt,
620 2282 845 2346 metoposcopum

37 2361 55 2395 a
70 2342 211 2394 Narcisso
229 2342 341 2393 Claudii
355 2341 455 2394 liberto
475 2344 640 2412 adhibitum,
660 2360 692 2402 ut
706 2352 845 2405 Britanni-

37 2435 105 2470 cum
115 2418 277 2484 inspiceret,
289 2418 511 2471 constantissime
522 2422 684 2490 affirmasse,
695 2426 773 2479 illum
786 2430 845 2498 qui-

38 2495 106 2546 dem
116 2493 197 2544 nullo
209 2492 307 2556 modo,
319 2498 437 2544 ceterum
449 2493 554 2560 Titum,
571 2499 618 2564 qui
628 2513 714 2567 prope
726 2504 844 2568 astabat,

36 2570 141 2636 utique
151 2570 361 2636 inoperatumm.
399 2567 486 2619 Erant
501 2578 591 2623 autem
603 2574 672 2627 adeo
683 2576 843 2643 familiares,

3 2671 4 2708 ,
35 2651 71 2696 ut
82 2645 119 2702 de
130 2643 261 2712 potione,
283 2657 338 2711 qua
348 2642 524 2697 Britannicus
538 2645 637 2699 hausta
647 2653 741 2718 periit,
763 2655 844 2705 Titus

3 2725 4 2762 ἰ
36 2735 157 2790 quoquc
176 2718 257 2769 iuxta
277 2719 380 2771 cubans
399 2724 524 2787 gustasse
548 2723 686 2791 credatur,
712 2730 845 2798 gravique
