2036 3022
102 184 152 234 290
281 183 282 190 ’
331 177 333 182 ’
382 181 618 230 0.8ΠΕΤοΝΙΙ

157 308 203 360 lV.
229 308 360 378 Sequenti
385 323 494 378 quoque
519 312 608 358 aetate
634 307 760 358 omnibus
785 307 897 376 probris

100 385 316 448 contaminatus,
341 385 520 452 praecipuum
542 383 572 432 iu
593 381 658 432 aula
677 382 769 433 locum
788 384 898 447 tenuit3

101 461 169 510 Caio
181 476 230 526 per
241 458 395 526 aurigandi,
408 458 525 510 Claudio
536 473 585 525 per
596 456 673 508 aleae
684 457 806 508 studium
817 457 898 524 fami-

100 535 188 586 liaris.
219 534 273 586 Sed
284 534 427 600 aliquanto
438 532 544 584 Neroni
554 533 703 600 acceptior,
713 537 772 582 tum
782 539 899 600 propter

100 611 195 661 eadem
205 608 286 672 haee,
297 613 355 659 tum
365 608 501 674 peculiari
511 608 622 670 merito,
634 607 722 676 quod,
733 609 898 673 praesidens

100 685 242 736 certamini
251 683 387 746 Neroneo,
400 683 552 748 cupientem
561 683 633 733 inter
644 680 822 734 citharoedos
834 699 898 734 eon-

98 759 222 822 tendere,
233 774 294 822 neo,
307 757 431 826 quamvis
446 757 636 825 flagitantibus
651 757 769 821 ermotis,
780 761 898 824 promit·

97 840 155 884 tere
167 833 323 896 audentem,
337 832 456 897 ideoque
466 847 605 900 egressum
615 829 723 883 theatro
729 870 737 896 ,
748 847 898 886 revocave-

97 912 154 972 rat,
171 908 263 976 quasi,
277 907 477 973 perseverantis
491 907 590 976 populi
603 906 741 976 legatione
751 915 896 975 suscepta,

98 983 266 1034 exorandum
276 981 442 1048 praebuerit.
495 985 498 991 '

152 1057 187 1108 V.
208 1058 304 1108 Trium
316 1059 411 1126 itaque
425 1057 578 1122 principum
593 1056 765 1124 indulgentia
778 1073 837 1110 non
852 1075 896 1110 so-

97 1135 153 1185 lum
164 1132 329 1197 honoribus,
340 1147 434 1183 verum
445 1138 472 1184 et
482 1131 647 1182 sacerdotiis
658 1132 838 1199 amplissimis
849 1151 897 1185 au-

98 1216 171 1271 ctus,
196 1207 422 1274 proconsulatmn
446 1205 555 1258 Africae
578 1204 723 1274 posthaec,
745 1223 897 1277 curamque

99 1297 212 1349 operum
226 1283 401 1349 publicorum
417 1281 632 1346 administravit,
648 1288 675 1334 et
684 1282 830 1336 voluntate
842 1285 897 1335 dis·

98 1358 160 1424 pari
174 1364 201 1409 et
215 1358 427 1408 existimatione.
465 1355 497 1406 ln
512 1357 657 1422 provincia
671 1357 841 1424 singularem
856 1361 898 1410 in-

98 1432 254 1483 nocentiam
269 1432 409 1498 praestitit
421 1432 534 1483 biennio
550 1433 724 1497 continuato,
741 1447 826 1500 quum
837 1451 898 1486 sue-

99 1507 207 1558 cedenti
229 1505 312 1557 inani
335 1506 443 1573 legatus
463 1507 639 1558 substitisset.
682 1508 717 1557 nt
736 1507 765 1557 in
786 1509 896 1560 urbano

99 1581 192 1633 officio
222 1583 296 1632 dona
324 1587 406 1647 atque
432 1588 592 1632 ornamenta
615 1581 780 1648 templorum
810 1587 896 1635 surri-

99 1656 191 1722 puisse
211 1663 239 1707 et
258 1662 440 1724 commutasse
461 1656 596 1722 quaedam
617 1655 765 1720 ferebatur,
787 1673 896 1726 proque

99 1745 167 1780 auro
188 1737 216 1782 et
240 1735 352 1798 argento
378 1736 505 1780 stannum
529 1737 557 1782 et
581 1731 768 1783 aurichalcum
793 1748 896 1801 suppo-

98 1821 194 1857 srusse.

152 1881 200 1932 Vl.
220 1881 340 1932 Uxorem
358 1879 455 1932 habuit
472 1880 643 1944 Petroniam,
666 1881 823 1933 consularis
842 1885 896 1934 viri

98 1957 196 2022 liliam,
218 1959 292 2009 etex
306 1971 340 2007 ea
353 1957 440 2008 lilium
454 1955 662 2020 Petronianum,
679 1963 789 2022 captum
805 1957 896 2010 altero

99 2027 190 2084 oonlo.
229 2032 310 2082 Hunc
321 2031 447 2084 heredem
458 2037 571 2082 amatre
584 2031 635 2081 sub
647 2031 806 2084 conditione
815 2034 896 2084 insti-

67 2121 70 2128 ·
98 2113 201 2171 tuurm,
222 2108 247 2157 si
267 2107 300 2156 de
320 2112 457 2172 potestate
476 2106 563 2172 patris
583 2106 693 2171 exisset,
714 2109 895 2180 manumisit3

100 2181 238 2246 brevique,
249 2187 281 2230 ut
291 2181 423 2233 creditum
434 2187 483 2245 est,
494 2181 640 2244 interemit,
652 2181 846 2234 insimulatum
854 2185 896 2234 in·

100 2271 182 2321 super
192 2255 342 2321 parricidii,
349 2263 376 2307 et
386 2257 467 2324 quasi
475 2263 602 2322 paratum
613 2256 649 2305 ad
659 2255 750 2308 scelus
760 2271 897 2310 venenum

100 2345 133 2380 en
145 2330 314 2382 conscientia
324 2329 457 2382 hausisse.
497 2331 585 2382 Duxit
594 2345 659 2382 mox
671 2330 812 2383 Galeriam
823 2333 896 2384 Fun·

26 2419 30 2426 ·
100 2405 200 2456 denam
218 2406 357 2472 praetorio
377 2413 462 2473 patra.
502 2406 541 2457 Ae
554 2406 588 2458 de
598 2404 650 2458 hae
665 2421 774 2476 quoque
789 2408 896 2460 liberos

99 2481 243 2549 utriusque
253 2495 333 2532 sexus
342 2482 419 2544 tulit;
430 2481 478 2532 sed
488 2495 590 2532 marem
600 2481 750 2534 titubantia
762 2484 819 2534 oris
830 2499 896 2551 pro-

101 2567 135 2618 pe
146 2563 249 2607 motum
261 2563 288 2608 et
298 2557 442 2624 elinguem.

156 2629 216 2680 Vll.
236 2631 258 2679 A
274 2630 364 2682 Galba
382 2633 412 2683 in
431 2631 589 2682 inferiorem
604 2631 780 2684 Germaniam
797 2639 896 2686 eontra

102 2703 257 2765 opinionem
269 2707 367 2758 missus
377 2714 427 2759 est.
460 2705 589 2758 Adiutum
598 2713 696 2774 putant
706 2709 740 2759 T.
750 2707 830 2760 Vinii
841 2705 897 2761 sui·
