2036 3022
138 207 189 257 216
414 205 441 251 C.
466 202 658 251 suerum!

140 333 285 386 confossus
305 335 361 383 est:
391 328 503 382 Silanus
523 327 655 381 abdicare
673 343 703 380 se
722 331 859 395 praetura
880 335 951 381 ante

139 415 267 478 quartum
285 405 426 458 Kalendas
444 405 601 478 lanuarias,
621 404 746 472 morique
769 403 855 455 initio
879 405 950 456 anui

140 491 267 546 coaetus,
288 483 333 533 die
347 482 410 548 ipso
422 481 533 533 Claudii
546 486 575 532 et
587 479 755 547 Agrippinae
768 479 946 545 nuptiarum.

138 560 169 610 ln
191 561 310 627 quinque
324 562 353 608 et
364 556 480 623 triginta
498 560 652 617 senatores,
671 557 869 620 trecentosque
885 570 943 606 am-

141 635 212 704 plius
223 633 329 701 equites
338 629 488 694 Romanos,
498 636 577 681 tanta
586 629 722 682 facilitate
732 627 942 694 aniusadvertit,

138 716 183 773 nt,
204 709 238 760 de
251 721 317 758 nece
328 705 483 758 consularis
497 706 550 758 viri
569 704 746 756 renunciante
765 705 940 768 eentrtrione,

133 784 242 854 sactum
256 796 322 842 esse,
345 780 415 846 quod
430 779 596 847 imperasset,
616 785 730 847 negaret
742 779 898 845 quicquam
910 796 941 830 se

139 861 298 923 imperasse,
309 853 397 906 nihilo
409 856 498 906 miuus
507 871 566 907 rem
576 854 782 923 comprobaret;
797 854 940 906 altiman-

138 933 214 983 tibus
225 931 344 994 libertis,
365 929 458 982 officio
469 931 571 982 milites
580 928 703 993 iunctos,
718 927 794 995 quod
804 927 843 980 sd
852 928 939 980 ultio-

139 1023 200 1058 nem
220 1005 396 1073 imperatoris
418 1006 493 1058 ultro
517 1004 728 1071 prueurrisseut.
768 1002 842 1054 Nam
866 1003 939 1054 illud

141 1096 248 1134 onmem
259 1082 340 1133 tidem
350 1082 512 1144 excesserit,
526 1078 602 1147 quod
611 1079 728 1146 nuptiis,
739 1093 810 1146 quas
819 1078 939 1130 Messal-

139 1158 199 1208 lina
212 1173 272 1208 eum
288 1155 413 1208 adultero
429 1154 499 1206 Silio
519 1153 635 1217 lecerat,
655 1152 773 1206 tabellas
787 1152 865 1204 dotis
877 1154 938 1220 ipse

140 1231 357 1300 consignaverit3
377 1229 519 1292 inductus,
540 1229 622 1296 quasi
630 1228 665 1280 (le
675 1227 814 1279 industria
822 1228 937 1280 simula-

139 1313 247 1370 reutur,
259 1306 294 1370 ed
305 1305 480 1357 evertendum
490 1303 762 1370 uunslerendumque
772 1302 935 1368 periculum,

141 1382 214 1447 quod
228 1382 371 1432 imminere
383 1380 440 1446 ipsi
452 1395 502 1446 per
516 1377 651 1446 quaedem
666 1382 775 1430 osmuta
789 1378 936 1444 portende-

139 1461 223 1508 retur.

195 1531 284 1582 XXX.
303 1529 462 1582 Auctoritas
472 1528 647 1598 dignitasque
660 1526 767 1580 formae
779 1543 839 1579 uon
849 1527 938 1580 defuit
1004 1587 1005 1598 γ

139 1607 183 1657 rel
193 1606 286 1668 stanti,
298 1603 342 1655 rel
352 1603 466 1667 sedenti,
478 1619 512 1654 ac
520 1603 668 1670 praecipue
678 1602 841 1671 quiescenti.
865 1602 938 1655 Nam
1004 1617 1005 1650 ῐ

139 1687 167 1730 et
177 1681 300 1746 prolixo,
315 1693 366 1729 nec
376 1678 455 1741 exili,
472 1683 671 1746 corporeerst,
682 1677 811 1744 etspecie
821 1679 937 1730 canitie·
1004 1667 1005 1692 ¹

141 1771 193 1822 qne
202 1752 330 1821 pulchra,
352 1753 453 1819 opimis
463 1753 624 1804 vervicibus.
664 1753 789 1804 Ceterum
804 1758 834 1804 et
846 1753 937 1821 ingre-

140 1830 259 1881 dientem
270 1828 456 1881 destituebant
464 1828 583 1897 poplites
593 1828 683 1878 minns
693 1827 773 1890 firmi,
785 1833 814 1878 et
823 1831 937 1880 remisse

141 1905 207 1971 qnid
221 1905 266 1956 vel
279 1905 352 1957 serio
368 1909 493 1972 agentem
507 1902 594 1954 multa
612 1900 846 1954 dehonestabant:
865 1905 936 1954 risos

139 1981 282 2044 indeceus;
301 1981 345 2030 ira
358 1980 480 2045 turpior,
500 1983 643 2046 spumante
657 1977 741 2040 rictu,
762 1974 936 2030 humentibus

140 2057 267 2118 naribus3
296 2059 440 2122 praeterea
462 2052 574 2119 linguae
597 2052 760 2116 limantio,
791 2060 936 2121 caputque,

140 2140 198 2181 tum
209 2136 388 2196 semper,tum
397 2129 427 2179 ln
438 2125 680 2196 quantulocunque
690 2133 755 2178 actu
763 2126 808 2179 vel
818 2130 936 2180 maxime
1004 2185 1005 2190 ἵ

140 2206 295 2257 tremulum.

196 2279 298 2332 XXXI.
318 2277 484 2331 valetudine
494 2275 568 2329 deut
577 2277 644 2331 olim
654 2277 746 2346 gravi,
757 2277 799 2328 its
810 2277 934 2345 princeps

140 2371 323 2424 perprospera
332 2369 399 2405 usus
409 2358 463 2416 est,
479 2357 594 2420 excepto
605 2350 742 2404 stomachi
752 2352 866 2417 dolore,
881 2369 933 2421 quo

140 2447 170 2481 se
182 2437 337 2496 correptum
347 2428 429 2479 etiam
446 2427 480 2478 de
491 2428 689 2481 consciscenda
698 2434 787 2480 morte
798 2429 934 2497 cogitasse

140 2506 220 2556 dixit.

196 2578 312 2631 xxxii.
333 2577 468 2630 Convivia
487 2579 605 2646 agitavit
622 2586 651 2632 et
664 2577 757 2645 ampla
770 2583 800 2630 et
813 2578 933 2643 usidua,

142 2667 175 2704 ec
185 2653 242 2704 fere
252 2653 450 2720 patentissimis
459 2653 543 2717 locis,
562 2661 595 2705 ut
608 2652 771 2722 plerumque
779 2656 933 2706 sexcenteni

141 2726 224 2778 simul
234 2727 444 2781 discumberent.
484 2729 652 2782 convivatus
666 2735 709 2782 est
722 2733 752 2782 et
763 2743 849 2796 super
858 2730 932 2782 ereis-
