2026 3020
158 226 191 278 86
432 225 459 272 c.
485 221 676 272 SUETONH

161 357 256 422 ceptus
266 356 339 417 orat,
359 349 521 402 immaturus
535 353 577 401 est
590 347 688 401 editus.
727 348 826 401 Iuliam
836 348 961 418 primum

158 428 307 493 Marcello,
324 426 455 478 Octaviae
469 426 575 478 sororis
589 440 655 476 snae
669 425 741 489 filio,
761 431 869 476 tannim
881 428 961 495 qnod

158 505 305 573 pueritiam
317 517 440 569 egress03
461 501 572 563 deinde,
592 501 657 551 ntis
668 499 751 564 obiit,
765 500 806 551 Μ.
816 501 960 568 Agrippae

158 586 273 646 nuptum
285 577 369 638 dedit,
381 580 497 628 exorata
507 582 648 639 sererent
658 576 713 626 sibi
721 590 824 642 genero
835 576 956 629 cederet.
1003 621 1004 642 ζ

159 653 230 706 Nam
240 660 306 704 tunc
315 653 438 719 Agrippa
453 650 566 702 alteram
577 650 772 702 Marcellarum
782 648 916 715 habebat,
929 657 958 704 et

159 744 192 781 ex
207 743 240 780 ea
254 727 366 778 liberos.
405 725 469 778 Hoc
486 741 597 795 qnoque
617 724 759 789 destructo,
779 725 874 778 miultis
896 726 955 791 diu,

158 805 240 855 etiam
252 817 285 853 ex
300 801 421 870 equestri
435 800 543 864 ordine,
565 801 770 867 circumspectis
785 800 956 853 conditioni·
1003 798 1004 836 ἶ

157 879 220 942 bus,
242 876 387 941 'liberium
408 876 562 943 privignum
586 891 665 926 strum
684 874 780 942 elegit,
805 877 956 944 coegitque

156 957 350 1022 praegnantem
360 965 487 1014 uxorem,
508 957 536 1001 et
549 964 581 1001 ex
597 965 653 1018 qna
663 951 718 1001 iam
728 956 806 1017 pater
816 957 890 1015 erat,
912 951 955 1003 oi·
1003 1017 1004 1026 ἵ

155 1029 272 1080 mittere.
308 1026 349 1076 M.
360 1026 494 1077 Antonius
505 1025 612 1087 scribit,
629 1024 744 1091 primum
755 1041 813 1075 eum
823 1025 952 1088 Antonio,

149 1103 210 1172 filio
222 1119 283 1166 sno,
305 1100 466 1168 despondisse
480 1098 594 1160 Iuliana
614 1099 705 1150 deinde
721 1099 850 1162 Cotisoni,
868 1099 952 1152 Geto-

155 1195 213 1229 rmn
223 1176 294 1247 regi,
310 1191 360 1242 quo
372 1184 485 1242 tempore
495 1173 546 1225 sibi
555 1189 655 1240 quoqne
665 1173 867 1244 invicemflliom
878 1176 953 1245 regis

154 1253 183 1304 in
193 1249 389 1304 matrimonium
394 1249 522 1317 petiisset.

211 1325 310 1377 LXIV.
330 1325 451 1392 Nepotes
466 1339 500 1376 ex
509 1324 632 1392 Agrippa
646 1328 674 1376 et
684 1324 757 1375 Iulia
770 1331 827 1376 tres
842 1323 950 1390 habuit,
1003 1369 1004 1376 ,

155 1403 260 1464 Cairmi,
271 1401 389 1453 Lucium
400 1405 427 1451 et
436 1400 598 1467 Agrippam
617 1405 712 1465 neptes
723 1399 800 1463 dnos,
811 1399 912 1452 Iuliam
925 1409 952 1453 et

154 1477 341 1545 Agrippinam.
365 1475 463 1527 Iuliam
474 1473 508 1526 L.
519 1473 627 1538 Paullo,
640 1475 761 1526 censoris
773 1475 841 1539 filio,
853 1477 950 1543 Agrip·

80 1585 82 1592 ,
153 1553 247 1621 pinam
263 1549 440 1613 Germanico,
461 1549 567 1601 sororis
582 1565 647 1599 stiae
662 1551 768 1617 nepoti,
790 1550 949 1602 collocavit.

154 1624 645 1690 catumetLucimnadoptavit,domi
655 1640 704 1692 per
714 1640 802 1676 assem
814 1631 842 1676 et
849 1625 948 1678 libram

154 1707 260 1768 emptos
272 1715 289 1750 a
299 1707 377 1767 patre
387 1699 521 1767 Agrippa,
532 1705 695 1767 tenerosque
706 1697 797 1750 adhuc
807 1700 844 1751 ad
855 1716 948 1752 curam
1002 1731 1003 1759 r

153 1775 323 1843 reipublicae
334 1774 469 1839 admovit,
489 1779 518 1826 et
533 1774 659 1825 consules
674 1774 834 1842 designatos
846 1777 948 1827 circum

153 1851 311 1919 provincias
323 1851 512 1918 enercitusque
522 1849 635 1900 dimisit.
655 1849 949 1918 Filiametneptesita
1001 1911 1002 1916 Ἰ

152 1927 285 1990 instituit,
304 1926 429 1976 utetiam
440 1924 562 1976 lanificio
574 1923 770 1988 assuefaceret,
790 1931 948 1994 vetaretque
1001 1977 1002 1982 ,

152 2002 233 2072 loqui
243 2008 291 2052 aut
302 2015 382 2068 agere
393 2000 553 2070 quicquam,
563 1999 618 2050 nisi
628 1999 785 2067 propalam,
797 2006 825 2050 et
836 2001 911 2070 quod
921 2002 948 2051 in
1001 1987 1002 2031 ἶ

154 2078 269 2128 diurnos
280 2076 491 2128 commentarios
500 2073 656 2126 referretur.
676 2074 880 2126 Extraneonrm
891 2077 948 2144 qui·
1000 2105 1001 2110 =

154 2152 216 2202 dem
227 2157 308 2203 coetu
319 2151 388 2202 adeo
399 2148 549 2216 prohibuit,
560 2154 592 2198 ut
600 2146 634 2199 L.
644 2148 769 2214 Vinicio,
781 2149 858 2202 claro
870 2151 948 2202 deco-

155 2241 242 2294 roque
252 2225 357 2288 iuveni,
369 2224 511 2290 scripserit
521 2223 671 2291 quondam,
679 2239 777 2291 parum
788 2225 901 2277 modeste
904 2225 948 2296 fe-

156 2300 220 2352 cisse
231 2315 301 2362 euris,
318 2298 483 2368 qnodfitiam
497 2313 571 2350 tuom
582 2296 666 2368 Batos
677 2301 820 2351 salutatum
831 2301 947 2352 uenisset.

138 2371 140 2376 ’
155 2376 277 2443 Nepotes
288 2380 316 2425 et
326 2374 421 2425 literas
432 2379 460 2426 et
468 2379 566 2425 notare
576 2374 687 2442 aliaque
697 2374 854 2426 rudimenta
864 2391 912 2442 per
923 2391 950 2426 se
999 2403 1000 2432 t

155 2453 316 2521 plerumque
327 2449 434 2513 docuit,
457 2463 490 2499 ac
502 2447 572 2500 nihii
583 2463 669 2517 aeque
680 2448 847 2515 elaboravit,
887 2465 950 2501 uam

155 2533 187 2578 ut
200 2526 374 2578 imitarentur
388 2521 599 2592 chirographum
615 2539 704 2578 snum.
742 2523 838 2594 Neque
854 2541 949 2576 coena·

154 2603 195 2653 vit
204 2617 269 2666 una,
279 2602 335 2651 nisi
343 2605 375 2651 nt
384 2599 413 2650 in
423 2600 479 2650 imo
491 2599 563 2650 lecto
575 2598 741 2662 assiderent,
751 2615 840 2669 neque
850 2601 904 2652 iter
914 2599 949 2651 fe-

156 2677 203 2741 eit,
213 2677 270 2727 nisi
278 2682 309 2727 ut
318 2675 445 2728 vehiculo
457 2675 593 2726 anteirent
603 2679 651 2724 ant
661 2675 736 2726 circa
751 2675 949 2743 adequItarent.

212 2747 298 2803 LXV.
321 2749 374 2806 set
386 2751 487 2804 laetum
502 2765 563 2802 eum
579 2755 661 2820 atque
676 2749 802 2804 fidentem
817 2756 845 2804 et
855 2749 950 2808 sobole
