2026 3020
221 257 480 317 ocrnrisuns.
516 266 729 315 enum-se.
841 269 874 322 81

70 389 198 465 dulgere,
215 402 244 446 et
251 391 361 446 nimiam
370 394 520 464 indignari,
536 409 691 462 quemquam
702 407 766 456 esse,
789 393 875 459 quide

69 487 112 522 me
122 471 252 538 loquatur
262 470 337 520 male.
377 469 449 520 dolls
460 478 499 521 eet
509 469 585 533 euim,
597 469 621 521 εἰ
629 467 679 521 leae
689 467 813 520 babemus
819 505 826 530 ,
843 485 874 519 ae

70 544 130 611 quis
141 543 219 596 noan
228 543 394 616 malefacere
399 544 493 612 possit.

128 619 192 669 Lll.
205 619 330 686 Templa,
337 621 461 688 quamvis
473 621 556 672 sciret
566 622 648 672 etiam
660 619 873 687 proconsulibus

70 695 187 746 decerni
196 694 295 757 solere,
305 694 334 744 in
343 695 421 745 nulla
430 701 522 747 tamen
532 696 677 762 provincia
686 696 742 746 nisi
753 711 873 746 commu-

70 771 100 819 ni
111 785 164 821 suo
176 767 336 836 Romaeque
350 769 462 822 nornine
476 771 590 838 recepit:
610 787 674 822 nam
689 771 719 822 in
728 770 802 822 Urbe
813 771 873 838 qui-

72 845 134 895 dem
156 844 378 912 pertinacissime
398 845 531 896 abstinuit
554 844 607 898 boo
631 843 745 898 honore.
783 847 872 914 Atque
942 899 943 902 ,

73 920 158 970 etiarn
169 925 314 986 argenteas
325 923 444 984 statuas,
465 919 532 982 olim
542 921 596 971 sibi
606 921 725 987 positas,
743 921 873 972 conflavit

73 1009 183 1063 omnes5
204 1008 239 1045 ex
249 995 348 1060 quibus
364 1010 462 1046 aureas
477 995 598 1046 cortinas
609 995 732 1062 Apollini
741 993 871 1044 Palatino

73 1069 223 1120 dedicarit.
263 1067 437 1120 Dictaturam
452 1084 553 1136 magna
565 1069 595 1119 ri
610 1067 742 1120 offerente
757 1069 872 1135 populo,

71 1157 145 1210 genn
154 1145 250 1208 nixrn,
272 1143 377 1195 deiecta
389 1146 423 1196 ab
434 1143 555 1196 humeris
564 1150 645 1211 toga,
665 1143 740 1194 nudo
750 1149 872 1210 pectore,

72 1219 237 1288 deprecamus
249 1224 297 1268 est.

127 1293 204 1344 Llll.
225 1293 339 1344 Domini
353 1294 580 1361 appellationem,
600 1299 632 1344 ut
650 1295 827 1347 maledictum
846 1301 874 1346 et

72 1369 265 1436 opprobrium,
276 1384 382 1437 semper
393 1368 543 1422 exhorruit.
584 1370 674 1430 Quum
686 1376 826 1439 spectante
837 1386 870 1421 eo

71 1443 155 1495 ludos
165 1444 377 1510 pronunciatum
390 1451 461 1496 esset
469 1446 499 1496 in
508 1447 607 1497 mimo:

164 1545 204 1558 ι·-
213 1547 251 1557 --
259 1546 297 1558 —-
308 1515 333 1570 0
343 1519 474 1571 dominam
484 1537 595 1588 aequam
606 1521 632 1571 e't
642 1520 750 1572 bonam!

72 1599 100 1646 et
107 1595 246 1658 universi,
267 1596 348 1662 quasi
358 1595 391 1647 de
400 1596 463 1663 ipso
479 1596 594 1661 dictum,
617 1597 785 1648 exsultantes
797 1611 869 1647 com-

71 1671 252 1736 probassent:
272 1675 299 1721 et
309 1670 402 1722 statim
412 1686 496 1722 manu
504 1672 635 1739 vultuque
645 1671 792 1723 indecoras
803 1671 869 1722 adu·

71 1745 193 1796 lationes
203 1745 342 1813 repressit,
354 1750 382 1796 et
390 1746 545 1816 insequenti
556 1747 600 1798 die
610 1747 772 1814 gravissime
784 1747 868 1799 corri-

70 1819 249 1886 puitedicto,
266 1819 459 1888 dominumque
475 1819 630 1888 sepostbac
645 1822 781 1888 appellari
790 1838 841 1872 nec
852 1837 869 1872 a

70 1895 168 1946 liberis
179 1895 289 1962 quidem
300 1905 349 1946 ant
357 1894 505 1962 nepotibus
516 1896 587 1958 suis,
601 1895 646 1946 vel
656 1896 729 1946 serio
740 1895 784 1946 vel
793 1897 868 1958 ioco,

70 1986 170 2037 passus
186 1975 241 2020 est:
265 1975 348 2037 atque
362 1969 521 2021 huiusmodi
534 1969 686 2021 blanditias
701 1969 783 2020 etiam
798 1969 870 2018 inter

70 2047 149 2112 ipsos
168 2043 321 2114 probibuit.
358 2044 422 2096 Non
439 2051 540 2096 temere
559 2044 632 2094 Urbe
654 2041 791 2112 oppidove
809 2043 868 2091 ullo

73 2135 209 2186 egressus,
222 2126 270 2172 aut
280 2135 418 2188 quoquam
428 2121 568 2188 ingressum
579 2125 628 2183 est,
634 2119 688 2168 nisi
698 2133 811 2186 vespere
823 2124 871 2168 erut

72 2201 169 2258 noctu,
185 2205 309 2262 nequem
323 2196 408 2246 officii
423 2211 507 2254 eausa
516 2195 690 2264 inquietaret.
729 2193 760 2245 ln
772 2209 869 2246 consu-

73 2269 130 2320 latu
140 2269 258 2338 pedibus
268 2269 339 2334 lere,
361 2277 438 2321 extra
455 2271 627 2323 consulatum
643 2286 724 2338 saepe
736 2271 869 2338 adaperta

72 2343 154 2406 sella,
175 2361 225 2415 per
235 2345 375 2412 publicum
384 2347 505 2397 incessit.
543 2347 713 2398 Promiseuis
723 2345 868 2395 salutatio-

71 2421 152 2470 nibus
168 2420 332 2470 admittebat
346 2426 374 2471 et
387 2420 508 2486 plebem,
527 2426 606 2472 tanta
622 2421 752 2471 comitate
767 2418 868 2468 adeun-

71 2495 139 2546 tium
150 2495 290 2546 desideria
300 2496 454 2562 excipiens,
465 2500 497 2545 ut
507 2495 641 2562 quendam
651 2496 716 2545 ioco
729 2493 868 2558 corripue-

72 2570 120 2633 rit,
136 2570 211 2637 quod
227 2569 265 2621 cic
279 2569 329 2621 ribi
342 2570 454 2621 libellam
464 2569 604 2638 porrigere
625 2567 770 2627 dubitaret,
793 2563 870 2630 quasi

72 2643 208 2712 elepleaalo
219 2645 320 2712 stipem.
360 2644 414 2695 Die
429 2649 539 2694 senatus
554 2655 693 2709 nrmqnam
707 2646 799 2708 patres
814 2637 870 2690 disi

70 2721 100 2770 in
112 2721 190 2771 curia
200 2719 341 2784 salutavit,
353 2725 380 2771 et
391 2717 501 2787 quidem
513 2717 650 2780 sedentes,
663 2731 695 2766 ac
705 2714 867 2767 nominatim

6 2785 11 2794 ’
70 2793 211 2862 singfflos,
231 2795 308 2846 nullo
324 2796 516 2846 submonente:
537 2797 564 2843 et
578 2791 720 2842 discedens
735 2805 768 2841 eo
786 2787 867 2840 modo

107 2889 251 2936 Snsron.
641 2883 661 2930 F
