2026 3020
313 2 347 79 tt

220 227 350 274 IULIUS
378 226 535 275 CAESAR.
572 225 651 275 GAP.
670 229 785 277 16-20.
885 223 901 277 9

99 353 134 406 ad
150 351 323 420 triumphum
339 351 422 403 sinml
439 352 665 421 consulatumque
681 354 807 405 decessit.
846 352 901 405 Sed

98 445 202 498 quum,
223 427 320 480 edictis
336 427 392 477 iam
409 429 542 493 comitiis,
562 429 635 480 ratio
652 429 711 480 eius
729 426 827 479 haberi
844 444 900 480 non

96 509 212 572 posset,
230 503 285 555 nisi
298 502 424 569 privatus
434 504 576 556 introisset
585 505 700 570 Urbem,
722 509 749 555 et
759 503 899 568 ambienti,

97 579 250 646 utlegibus
260 577 427 643 solveretur,
444 579 523 630 multi
535 580 768 644 contradicerent,
785 584 898 630 coactus

99 661 143 706 est
152 652 331 722 triumphum,
342 668 377 704 ne
388 655 534 705 consulatu
543 655 743 719 excluderetur,
751 653 897 706 dimittere.

156 729 233 780 XIX.
253 729 277 778 E
289 728 397 778 duobus
409 726 597 801 [consulatus]
615 731 852 799 competitoribus,
864 729 897 781 L.

5 847 6 854 ,
98 805 224 856 Lucceio
234 799 388 870 Marcoque
398 803 499 856 Bibulo
506 843 514 868 ,
530 804 680 857 Lucceium
695 805 750 858 sibi
762 805 897 869 adiunxit,

99 886 215 949 pactus,
224 885 256 930 ut
265 879 303 942 is,
315 878 445 945 qnoniam
456 878 572 931 inferior
581 881 672 948 gratia
683 886 755 933 esset
769 880 897 948 pecunia·

100 971 153 1024 que
164 955 292 1024 polleret,
302 969 429 1005 nummos
439 955 473 1006 de
484 971 534 1006 suo
541 993 549 1020 ,
561 957 699 1009 communi
708 957 832 1020 nomine,
849 971 899 1023 per

101 1030 242 1084 centurias
253 1029 457 1097 pronunciaret.
498 1029 560 1091 Qua
571 1031 729 1098 cognitore,
742 1032 898 1098 optimates,

6 1113 8 1118 ’
100 1123 173 1176 quos
183 1110 273 1157 metus
285 1109 402 1171 ceperat,
413 1103 483 1155 nihil
493 1120 549 1156 non
561 1120 690 1156 ausurum
707 1120 768 1160 eum
783 1106 813 1155 in
828 1120 899 1156 sum-

100 1199 147 1233 mo
158 1181 334 1248 magistratu,
346 1180 479 1232 concordi
490 1186 517 1231 et
527 1180 713 1232 consentiente
725 1179 840 1247 collega,
853 1195 899 1230 au·

101 1265 195 1308 ctores
215 1254 317 1306 Bibulo
338 1254 461 1320 fuerunt,
487 1256 647 1309 tantundem
673 1255 836 1324 pollicendi:
868 1271 900 1306 ec

100 1332 229 1401 plerique
249 1331 380 1398 pecunias
402 1331 589 1396 contulerunt,
610 1347 644 1383 ne
660 1332 765 1382 Catone
790 1331 899 1398 quidem
933 1327 935 1330 ’

102 1407 254 1469 abnuente,
266 1421 326 1457 cam
338 1405 513 1472 largitionem
524 1407 691 1475 erepublica
704 1407 773 1458 fieri.
812 1405 901 1473 igitur

40 1528 43 1532 ,
103 1499 165 1534 cum
176 1481 279 1532 Bibulo
292 1481 389 1532 consul
401 1487 507 1533 creatus
519 1488 568 1534 est.
607 1481 729 1533 Eandem
741 1482 777 1532 ob
788 1496 899 1534 causam

103 1572 191 1626 opera
203 1557 237 1608 ab
250 1557 429 1624 optimatibus
441 1556 506 1608 data
521 1561 575 1621 est,
589 1565 621 1608 ut
631 1557 789 1626 provinciae
800 1555 901 1607 intruis

103 1631 267 1684 consulibus
288 1631 396 1702 minimi
409 1633 527 1699 negotii,
546 1633 633 1688 idest
651 1632 737 1683 silvae
753 1630 900 1698 callesque,

102 1709 324 1760 decernerentur.
375 1705 437 1768 Qua
465 1707 584 1758 maxime
612 1707 716 1758 iniuria
744 1705 901 1768 instinctus,

103 1783 234 1834 omnibus
246 1782 345 1833 officiis
356 1781 405 1832 Cn.
417 1780 578 1849 Pompeium
590 1787 742 1834 assectatus
753 1787 802 1845 est,
815 1779 901 1832 offen-

103 1874 164 1909 sum
176 1856 315 1924 patribus,
328 1857 411 1924 quod,
422 1855 584 1908 Mithridate
594 1873 658 1924 rege
668 1857 742 1908 victo
748 1893 756 1920 ,
772 1861 900 1907 cunctan-

102 1933 161 1984 tius
173 1933 401 1984 confirmarentur
412 1937 475 1982 acte
489 1946 552 1994 sua3
572 1931 760 1999 Pompeioque
770 1929 810 1982 M.
823 1930 902 1980 Cras·
999 1957 1003 1964 -

104 2025 166 2060 sum
181 2007 386 2070 reconciliavit,
407 2011 524 2058 veterem
542 2005 684 2057 inimicum
698 2019 732 2058 ex
747 2003 901 2067 consulatu,

5 2085 8 2090 '
104 2099 186 2151 quem
198 2098 304 2133 summa
316 2081 457 2134 discordia
471 2080 554 2132 simul
568 2086 722 2147 gesserant;
742 2092 776 2129 ac
785 2078 903 2130 societa-

103 2166 160 2210 tem
173 2174 232 2208 eum
243 2163 363 2224 utroque
373 2157 484 2222 iuiit,ne
496 2155 561 2224 quid
573 2162 700 2224 ageretur
710 2157 738 2208 in
750 2153 902 2223 republica,

105 2232 181 2301 quod
194 2232 380 2300 displicuisset
389 2231 441 2283 ulli
451 2249 465 2284 e
474 2232 573 2284 tribus.

162 2309 226 2360 XX.
245 2307 318 2359 Inito
330 2304 448 2372 honore,
469 2308 574 2376 primns
586 2304 851 2376 omniuminstituit,
872 2317 903 2362 nt

106 2390 164 2436 tarn
180 2388 292 2434 senatus
308 2397 389 2450 quam
400 2383 501 2450 ‘populi
516 2382 615 2434 diurna
631 2391 693 2435 acte
712 2389 862 2440 confierent
877 2391 904 2436 ct

106 2459 325 2526 publicarentur.
364 2457 511 2526 Antiquum
527 2458 611 2509 etiarn
625 2460 720 2510 retulit
730 2479 848 2524 moreni,
863 2465 902 2522 ut,

106 2549 161 2602 quo
177 2547 270 2584 mense
285 2532 375 2584 fasces
388 2549 445 2585 non
465 2531 590 2598 haberet,
612 2549 743 2586 aecensus
763 2540 825 2586 ante
841 2549 901 2585 eum

104 2611 167 2674 iret,
180 2608 294 2659 lictores
304 2623 376 2674 pone
387 2614 574 2673 sequerentur.
604 2606 679 2674 Lege
690 2615 781 2660 autem
793 2608 904 2674 agraria

103 2682 297 2752 promulgata,
320 2681 532 2733 obnnnciantem
544 2680 677 2746 collegam
690 2681 774 2732 armis
784 2681 846 2732 loro
859 2693 904 2731 ex-

105 2759 188 2828 pulit.
228 2757 268 2807 Ac
287 2761 399 2823 postero
422 2754 466 2807 die
485 2755 515 2806 in
530 2760 629 2807 senatu
643 2761 835 2822 conquestum,
855 2765 907 2805 nec
