2050 3034
110 226 159 278 13²
369 228 396 276 0.
422 225 607 276 SUETONH

108 351 258 405 transferre
273 354 480 416 concederetur,
502 351 624 402 obtinere
643 365 699 402 non
713 349 816 418 potuit,
840 349 909 418 quin

107 434 170 480 rata
179 428 308 481 voluutas
319 429 452 496 legatoris
462 432 542 478 esset.
574 427 664 488 Quum
674 431 785 477 senatus
796 426 908 477 consul-

107 511 164 555 tum
180 520 229 573 per
239 504 435 556 discessionem
445 503 517 554 forte
532 503 621 566 fieret,
641 505 828 552 transeuntem
843 517 907 552 eum

105 580 135 630 in
147 580 261 631 alteram
271 585 390 647 partem,
410 579 440 629 in
456 593 511 644 qua
521 578 666 645 pauciores
681 582 772 640 erant,
793 582 906 628 secutus

106 661 148 705 est
161 669 251 706 nemo.
291 655 389 705 Cetera
404 668 513 720 quoque
527 653 638 704 nonnisi
655 667 705 719 per
723 651 905 718 magistratus

106 735 133 779 et
141 730 202 780 iure
214 727 357 782 ordinario
370 728 534 794 agebantur3
555 733 633 778 tanta
648 725 792 778 consulum
805 733 904 778 auoto-

104 804 199 866 ritate,
220 808 253 853 ut
271 801 357 870 legati
371 817 405 854 ex
419 800 513 852 Africa
528 802 647 853 adierint
665 817 726 864 eos,
748 806 903 868 querentes,

103 875 178 928 trahi
187 891 216 928 se
228 893 245 928 a
256 878 387 942 Caesare,
408 877 443 928 ad
459 892 539 944 quem
553 877 631 927 missi
644 875 744 928 forent.
783 875 841 926 Nec
851 877 903 926 mi-

103 966 176 1017 rum,
189 968 271 1020 quum
281 953 374 1020 palam
385 957 468 1016 esset,
484 953 575 1019 ipsum
587 966 696 1020 quoque
706 950 809 1003 eisdem
820 956 847 1002 et
858 965 903 1002 as-

104 1042 215 1094 surgere
226 1034 253 1079 et
263 1028 393 1081 decedere
403 1028 458 1079 via.

158 1103 273 1155 XXXll.
294 1104 437 1171 Corripuit
456 1102 614 1154 consulares
635 1101 800 1151 exercitibus
821 1116 901 1168 prae·

102 1178 222 1244 positos,
235 1178 309 1246 quod
319 1194 375 1229 nou
386 1178 420 1228 de
433 1178 515 1229 rebus
525 1176 610 1242 gestis
622 1177 730 1226 senatui
739 1176 900 1241 scriberent,

103 1252 231 1320 quodque
247 1253 281 1304 de
294 1252 449 1304 tribuendis
465 1249 629 1318 quibusdam
640 1249 806 1301 militaribus
817 1250 901 1302 donis

103 1327 138 1377 ad
149 1344 178 1378 se
188 1327 329 1392 referrent,
336 1327 417 1396 quasi
426 1341 482 1378 non
493 1325 613 1377 omnium
625 1324 833 1376 tribuendorum
842 1326 902 1393 ipsi

101 1403 145 1451 ius
155 1399 295 1452 haberent.
334 1400 494 1453 Praetorem
505 1400 685 1464 collaudavit,
702 1400 777 1467 qnod
792 1397 900 1452 honore

101 1475 171 1528 inito
188 1476 412 1529 consuetudinem
428 1477 569 1544 antiquam
583 1474 724 1526 retulisset
737 1475 770 1526 de
785 1476 899 1528 maiori-

101 1551 153 1601 bus
168 1552 226 1602 suis
240 1567 290 1620 pro
307 1551 439 1603 concione
453 1550 634 1602 memorandi.
675 1549 854 1611 Quorsmdsm
864 1552 900 1602 il·
917 1577 922 1586 ·
1018 1555 1019 1616 j

101 1625 228 1676 lustrium
249 1627 395 1693 exsequias
414 1641 501 1693 usque
521 1625 557 1676 ad
581 1639 678 1692 rogum
704 1625 898 1692 frequentavit.

100 1699 198 1751 Parem
209 1701 427 1752 moderationem
442 1701 595 1751 minoribus
610 1715 719 1768 quoque
734 1707 761 1752 et
771 1703 899 1767 personis

101 1780 129 1825 et
142 1775 223 1826 rebus
243 1773 376 1826 exhibuit.
418 1776 507 1837 Qumn
522 1773 694 1827 Rhodiorum
708 1775 898 1843 magistratus,

101 1850 176 1916 quod
190 1849 285 1903 literas
299 1851 426 1919 publicas
440 1852 499 1903 sine
514 1851 716 1917 subscriptione
730 1851 766 1902 ad
776 1866 806 1902 se
816 1851 899 1904 dedo-

100 1931 175 1992 raut‚
187 1932 342 1991 evocasset,
358 1943 391 1979 ne
402 1928 486 1980 verbo
499 1926 608 1994 quidem
618 1925 780 1988 insectatus,
794 1941 827 1978 ao
836 1932 898 1977 tan-

99 2002 241 2054 tummodo
266 2004 358 2054 iussos
382 2003 566 2065 subscribere,
596 2000 711 2052 remisit.
755 2000 898 2070 Diogenes

98 2078 309 2142 grammaticus,
325 2078 466 2144 disputare
481 2075 604 2126 sabbatis
614 2073 706 2126 Rhodi
717 2074 830 2140 solitus,
852 2092 897 2128 ve·

98 2151 226 2215 aientem,
237 2159 269 2203 ut
278 2168 307 2203 se
318 2158 396 2203 extra
407 2151 530 2202 ordinem
542 2149 658 2214 audiret,
670 2165 726 2201 non
737 2149 896 2216 admiserat,

100 2237 134 2275 ao
146 2239 196 2292 per
211 2225 347 2277 servulum
363 2241 442 2276 suum
455 2226 485 2276 in
500 2225 645 2292 septimum
657 2224 727 2277 diem
740 2224 896 2279 distulerat.

99 2297 181 2352 Hunc
191 2299 310 2364 Romae,
321 2300 462 2352 salutandi
472 2298 517 2351 sui
528 2313 612 2351 causa
622 2314 672 2365 pro
684 2297 792 2353 foribus
804 2308 896 2353 astan-

48 2387 51 2395 ’
97 2379 166 2440 tem,
185 2373 255 2426 nihil
270 2376 401 2444 amplius,
422 2391 504 2443 quam
518 2381 551 2426 ut
564 2380 628 2441 post
637 2374 782 2442 sentiarum
794 2389 896 2429 aunum

97 2449 213 2516 rediret,
225 2450 377 2502 admonuit.
416 2450 607 2513 Praesidibus,
624 2449 779 2500 onerandas
788 2450 895 2503 tributo

97 2527 256 2589 provincias
266 2526 457 2590 suadentibus,
472 2525 626 2592 resumpsit,
643 2521 705 2576 boni
712 2525 832 2590 postoris
843 2541 898 2578 esse

99 2600 205 2652 tondere
211 2617 299 2668 pecus,
312 2619 363 2654 ooo
374 2601 520 2671 deglobere.

153 2675 281 2728 XXXlll.
302 2677 450 2729 Paullatim
465 2677 616 2746 principem
637 2675 758 2728 exsemit
777 2678 895 2744 praesti·

97 2747 197 2816 titquc3
221 2753 275 2803 etsi
287 2753 395 2804 varium
410 2753 470 2819 diu,
492 2751 708 2806 commodiorem
721 2757 814 2810 temen
834 2768 896 2808 aaa
