2050 3034
99 224 149 280 aas
375 226 402 274 o.
427 221 634 292 suuroun

101 368 180 421 quern
192 351 338 417 cursitare,
361 367 394 404 ac
407 367 440 406 na
450 352 539 405 cubiti
549 340 658 418 quidem
668 363 824 402 mensuram
835 363 899 415 pro·

98 429 185 496 gredi,
197 428 345 494 proverbio
358 426 465 480 Graeco
476 433 602 479 notatum
612 432 662 478 est.

153 503 282 554 XXXIX.
304 503 358 554 Sed
368 504 483 554 orbatus
493 509 610 569 utroque
621 501 689 565 filio,
702 514 820 568 quorum
831 498 899 552 Ger-

98 579 220 630 manicus
231 578 259 628 in
271 577 367 642 Syria,
382 577 490 630 Drusus
501 577 605 629 Romae
617 577 736 640 obierat,
758 590 897 626 secessuum

98 653 265 719 Campaniae
275 652 368 717 petiit3
390 653 530 703 constanti
543 657 571 703 et
586 651 716 718 opinione
731 656 760 701 et
769 665 897 704 sermone

95 744 182 794 paene
203 727 336 790 onmium,
359 727 439 793 quasi
453 743 541 794 neque
560 727 697 778 rediturus
712 740 847 792 unquam,
869 731 899 776 et

97 805 152 853 cito
172 806 289 852 mortem
309 802 392 851 etiam
414 801 554 853 obiturus:
584 801 659 868 quod
682 800 778 868 paullo
803 801 897 852 minus

95 879 240 942 utrumque
251 877 351 928 evenit.
370 875 441 928 Nam
451 876 659 942 nequeRomam
671 875 789 941 amplius
800 875 895 939 rediit,

95 958 123 1003 ot
136 967 240 1017 paucos
253 959 318 1017 post
331 952 390 1002 dies
404 951 483 1002 iuxta
499 951 676 1002 Terracinam
692 951 720 1001 in
741 950 894 1016 praetorio,

96 1028 141 1077 cui
152 1026 303 1093 Speluncae
313 1043 413 1078 nomeu
424 1032 495 1090 crat,
511 1027 675 1077 incoenante
686 1041 734 1089 co,
751 1025 896 1092 complura

95 1109 122 1153 et
131 1103 254 1168 ingentia
265 1117 333 1153 saxa
343 1101 459 1152 fortuito
476 1116 592 1166 superne
603 1100 717 1166 delapsa
727 1106 804 1163 srrnt3
825 1099 894 1150 mul-

94 1179 184 1243 tisque
205 1177 382 1229 convivarum
406 1182 434 1226 et
456 1177 643 1228 ministrorum
668 1175 758 1240 elisis,
783 1180 895 1242 praeter

94 1268 169 1318 spem
180 1253 276 1312 evasit.

149 1324 210 1376 XL.
229 1325 381 1392 Peragrata
393 1325 551 1392 Campania,
564 1341 647 1393 quum
658 1325 768 1392 Capuae
780 1324 893 1390 Capito-

94 1402 169 1463 lium,
181 1399 270 1451 Nolae
280 1400 410 1466 templum
421 1401 550 1468 Augusti,
568 1404 661 1468 (quam
679 1415 790 1451 causam
800 1398 893 1466 prole-

95 1475 195 1526 ctionis
206 1475 430 1540 praetenderat,)
443 1475 610 1541 dedicasset,
624 1475 744 1541 Capreas
755 1491 784 1526 se
796 1481 893 1526 coutu-

94 1551 141 1614 lit,
156 1550 304 1616 praecipue
315 1549 467 1602 delectatus
477 1549 582 1615 insula,
599 1550 672 1617 quod
683 1541 738 1602 irno
750 1565 893 1616 parvoque

94 1626 176 1676 litore
188 1625 323 1688 adiretur,
344 1630 422 1690 septa
434 1624 556 1690 undique
571 1625 727 1691 praeruptis
742 1625 893 1675 immensae

95 1699 250 1749 altitudinis
264 1699 392 1763 rupibus,
414 1705 441 1750 et
454 1698 593 1765 profundo
604 1701 697 1750 maris.
737 1699 892 1766 Statimque

93 1778 239 1824 revocante
255 1773 368 1823 assidua
384 1773 568 1826 obtestatione
584 1774 688 1841 populo
703 1779 816 1841 propter
836 1773 892 1825 cla·

94 1849 168 1912 dem,
190 1863 245 1915 qua
261 1848 333 1916 apud
348 1847 468 1900 Fidenas
483 1866 568 1916 supra
580 1849 634 1900 XX
647 1847 788 1900 hominum
803 1849 893 1900 millia

93 1922 261 1989 gladiatorio
286 1939 397 1976 munere
422 1921 616 1991 anrphitheatri
638 1925 719 1976 ruina
742 1924 891 1991 perierant,

92 1999 204 2050 translit
213 1999 243 2050 in
254 1999 450 2063 continentem,
471 2005 689 2066 potestatemque
705 1999 832 2050 omnibus
844 1997 892 2050 ad-

93 2075 176 2124 eundi
186 2074 230 2124 sui
240 2073 317 2124 fecit:
328 2079 406 2125 tanto
418 2075 514 2140 nsagis,
527 2073 600 2140 quod
613 2074 647 2124 ab
653 2073 726 2126 Urbe
737 2074 891 2140 egrediens,

91 2163 126 2198 ne
137 2148 198 2213 quis
209 2163 238 2198 se
248 2148 449 2215 interpellaret,
466 2147 602 2214 edixerat,
619 2163 652 2200 ac
660 2153 721 2200 toto
733 2148 832 2200 itinere
844 2148 892 2201 ad·

93 2226 187 2272 euntes
198 2228 390 2273 summoverat.

148 2295 221 2347 xli.
241 2295 393 2363 Regressus
406 2297 435 2347 in
445 2297 578 2363 insulam,
599 2298 768 2367 reipublicae
780 2299 891 2366 quidem

94 2387 186 2424 curram
201 2372 372 2438 usqueadeo
394 2373 508 2436 abiecit,
528 2379 560 2425 ut
569 2379 667 2440 postea
686 2391 743 2426 non
763 2374 891 2426 decurias

93 2449 215 2514 equitum
234 2462 356 2513 unquam
375 2447 523 2515 supplerit3
547 2465 603 2500 nou
623 2448 750 2501 tribunos
771 2450 891 2500 militum

92 2523 309 2589 praefectosque,
316 2537 371 2576 non
382 2524 586 2589 provinciarum
597 2524 738 2592 praesides
748 2524 822 2576 ullos
832 2540 891 2576 mu·

92 2598 205 2659 taverit3
225 2597 390 2664 Hispaniam
401 2603 429 2649 et
434 2597 544 2666 Syriam
554 2615 603 2666 per
614 2597 722 2665 aliquot
732 2615 819 2651 annos
830 2599 892 2650 sine

93 2672 284 2723 consularibus
297 2673 397 2740 legatis
412 2669 552 2739 habuerit3
572 2673 728 2726 &maniam
748 2691 765 2726 a
778 2672 892 2726 Parthis

93 2747 235 2811 occupari,
255 2747 390 2800 Moesiam
402 2749 515 2802 aDacis
527 2749 727 2816 Sarmatisque,
749 2748 858 2801 Gallias
875 2764 893 2802 a
