2050 3034
207 211 213 218 '
251 227 451 277 camenus.
488 230 704 288 censs-ss.
752 287 755 295 ,
827 231 877 284 185

75 355 215 409 abductos
226 353 377 406 cliterario
391 354 470 419 ludo,
492 353 617 422 clamque
632 357 811 422 praemissos,
832 359 876 410 de·

74 441 151 484 serto
163 435 275 499 repente
287 431 413 482 convivio
426 445 486 481 cum
497 430 623 497 equitatu
632 430 781 495 insecutus,
791 433 876 484 veluti
905 427 912 438 ’

72 506 213 575 profugos
228 521 262 556 ac
276 503 479 572 reprehensos'
469 521 499 555 ιιι
515 505 620 556 catenis
633 505 789 586 reduxit3
779 521 808 559 ιιι
823 506 877 559 hoc

72 597 187 650 quoque
201 581 285 632 mimo
301 580 536 646 praetermodum
556 570 750 648 intemperans
788 581 875 650 Repe-

71 659 127 708 tita
138 671 235 720 coena,
247 656 439 707 renunciantes
450 661 575 706 coactum
587 671 693 723 agmen,
705 657 777 708 sicut
787 664 874 722 erant,

72 731 210 784 loricatos
222 731 258 781 ad
269 731 493 782 discumbendum
504 729 666 782 adhortatus
677 737 727 783 est.
764 732 876 786 Monuit

73 809 159 858 etiam
171 806 318 858 notissimo
330 805 443 873 Virgilii
452 821 542 870 versu,
554 806 692 869 durarent,
706 808 875 876 secundisque

73 899 103 932 se
113 881 189 933 relus
199 889 342 932 servarent.
381 882 469 950 Atque
483 882 555 932 inter
568 879 636 933 haec
647 882 785 935 absentem
795 901 873 937 sena-

72 964 133 1007 tum
144 955 331 1024 populumque
341 957 505 1023 gravissimo
518 956 676 1022 obiurgavit
681 957 781 1022 edicto,
789 961 872 1028 quod,

74 1031 190 1083 Caesare
196 1030 345 1098 praeliante
356 1030 474 1082 attactis
485 1029 679 1082 discriminibus
689 1030 797 1096 abiecta,
809 1044 872 1086 tem-

70 1107 174 1174 pestiva
184 1105 316 1169 conuicia,
338 1105 444 1158 mecum
460 1113 487 1157 et
500 1104 606 1156 tleeatra
621 1114 649 1158 et
661 1121 782 1158 amoenas
792 1124 873 1160 seces·

71 1182 298 1234 succelebrarent.

128 1255 230 1308 XLVI.
251 1255 408 1319 Postremo,
435 1257 516 1322 quasi
534 1261 740 1324 perpetratuuus
760 1257 871 1323 bellum,

72 1333 180 1388 duecte
191 1331 252 1383 acie
261 1332 291 1384 in
301 1330 500 1395 litoreOceanl,
511 1347 544 1382 ac
554 1332 674 1384 ballistis
684 1331 872 1402 machinisque

73 1408 234 1476 dispositis,
255 1407 362 1458 nemine
372 1421 457 1474 gnaro
471 1413 519 1456 aut
529 1407 659 1475 opinante
670 1407 800 1476 quidnam
812 1425 872 1462 coe-

72 1489 174 1552 pturus
184 1487 267 1546 esset,
278 1487 397 1548 repente,
408 1487 440 1533 ut
451 1480 568 1534 conchas
579 1482 712 1550 legerent,
724 1485 873 1553 galeasque

72 1565 104 1610 et
114 1559 192 1608 sinus
204 1557 352 1625 replerent,
372 1558 530 1623 imperavit,
550 1557 633 1624 spolia
645 1555 748 1611 Oceani
759 1575 871 1624 vocans,

75 1632 208 1701 Capitalia
219 1631 378 1699 Palatioque
388 1628 484 1684 debita.
508 1632 584 1684 Etin
594 1634 728 1686 indicium
737 1635 872 1686 victoriae

73 1709 240 1760 altissimam
258 1714 361 1760 turrem
376 1708 518 1772 excitavit,
540 1723 574 1760 ex
588 1725 656 1778 qua,
677 1716 708 1761 ut
722 1725 756 1762 ex
769 1708 871 1775 Pharo,

72 1785 204 1836 noctibus
216 1783 252 1833 ad
261 1783 396 1850 regendos
405 1783 517 1833 navium
528 1799 623 1836 cursus
628 1786 705 1851 ignes
711 1787 871 1837 emicarent:

71 1859 314 1928 pronunciatoque
324 1857 406 1908 militi
417 1857 562 1921 donativo,
583 1861 703 1910 centenis
712 1861 816 1911 viritim
827 1861 872 1912 dc-

73 1935 173 1999 uariis,
186 1934 269 2002 quasi
279 1949 358 1987 omne
368 1932 521 1999 exemplum
530 1930 707 1984 liberalitatis
716 1949 873 2003 supergres-

74 2027 129 2076 sus,
141 2008 231 2070 Alite,
243 2009 341 2076 inquit,
353 2007 424 2070 laeti,
436 2006 506 2058 abite
516 2008 662 2074 locupletes.

128 2083 244 2136 XLVll.
261 2084 414 2134 Conversus
424 2082 489 2134 hinc
499 2082 535 2134 ad
545 2099 638 2134 curam
649 2081 788 2151 triumphi,
794 2099 872 2152 prae·

74 2167 116 2213 ter
127 2160 255 2227 captivos
266 2173 300 2210 sc
309 2158 467 2226 transfugas
477 2159 625 2223 barbaros,
638 2157 793 2210 Galliarum
804 2176 871 2228 quo-

76 2252 127 2304 que
147 2235 372 2304 procerissimum
393 2249 539 2301 quemque,
564 2240 602 2299 et,
623 2241 654 2286 ut
673 2236 732 2301 ipse
753 2235 871 2301 dicebat,

75 2306 331 2376 ἀειοθριάμβευτον,
343 2323 376 2360 ac
384 2308 532 2360 nonnullos
539 2311 747 2379 exprincipibus
758 2311 833 2378 legit,
840 2327 873 2361 uc

76 2387 202 2453 seposuit
213 2385 248 2436 ad
259 2399 401 2452 pompam3
422 2385 566 2453 coegitque
576 2402 632 2438 uon
642 2392 749 2437 tantum
757 2386 873 2437 rutilare

76 2471 102 2514 et
111 2462 284 2513 summittere
295 2473 410 2524 comant,
421 2458 470 2509 sed
481 2465 508 2509 ct
517 2475 669 2512 sermonem
679 2459 872 2512 Germanicum

76 2538 235 2600 addiscere,
261 2540 288 2585 et
306 2535 420 2586 nomina
438 2533 585 2594 barbari„
604 2535 685 2586 ferre.
727 2533 873 2601 Praecepit

75 2615 173 2676 etiam,
187 2613 326 2674 triremes,
342 2611 441 2677 quibus
451 2609 598 2660 mtroserat
608 2609 746 2658 Oceanum
751 2623 873 2674 ,magna

76 2704 107 2741 ex
117 2693 200 2757 parte
209 2687 308 2736 itinere
317 2681 442 2736 terrestri
451 2681 568 2734 Romam
579 2680 684 2734 devehi.
718 2682 836 2750 Scripsit
846 2687 873 2733 et

75 2761 318 2833 procuratoribus,
334 2757 494 2828 triumphum
505 2766 754 2826 apparerentquam
763 2755 872 2811 minima
