2026 3020
124 210 156 266 32
367 219 368 224 ’
398 213 424 258 Β.
449 211 634 260 SUETONlI

125 342 232 408 busque
242 339 338 407 copiis,
351 351 419 404 quas
433 337 562 403 subsequi
576 336 708 400 iusserat,
724 349 806 403 quum
822 333 858 385 ad
874 349 917 386 ac·

128 414 272 468 corsendas
282 412 384 466 irrrstm
393 427 475 479 saepe
485 411 767 474 misisset,novissime
776 409 837 477 ipse
847 409 917 460 clam

127 496 212 542 noctu
221 488 363 558 parvulum
373 486 513 553 navigium
523 485 599 537 solus
612 485 743 538 obvoluto
755 485 845 552 capite
855 500 918 535 con·

129 565 245 618 scandit:
256 578 344 630 neque
355 565 403 612 aut
413 561 474 628 quis
484 567 556 612 esset
566 566 629 612 ante
640 561 751 623 detexit,
763 566 812 610 aut
820 558 917 626 guber-

128 645 252 691 natorem
264 637 358 689 cedere
369 635 500 686 adversae
510 636 666 702 tempestati
676 650 773 702 passus
779 641 828 699 est,
836 648 917 702 quam

128 729 215 781 paene
226 714 340 764 obrutus
349 710 486 763 fluctibus.

184 788 257 838 LlX.
277 786 318 838 Ne
332 785 465 852 religione
486 785 594 853 quidem
615 785 673 836 ulla
693 799 864 853 aquoquam
878 783 917 834 in-

77 887 80 892 ¹
130 867 208 930 cepto
221 862 381 914 absterritus
390 875 510 927 unquam
519 861 563 910 vel
573 860 727 911 retardatus
739 866 788 911 est.
829 857 918 920 Quum

129 936 285 988 immolanti
294 935 445 1002 ardugisset
454 932 558 999 hostia,
579 934 777 1002 profectionem
789 933 919 984 adversus

131 1012 287 1080 Scipionem
302 1011 431 1064 etlubam
446 1025 502 1062 non
516 1009 631 1060 distulit.
670 1007 821 1076 Prolapsus
836 1009 918 1061 etiam

129 1087 159 1138 iu
169 1102 280 1154 egressu
288 1087 378 1150 navis,
398 1100 477 1137 verso
494 1085 529 1135 ad
543 1084 640 1136 melius
656 1084 758 1154 omine,
783 1081 869 1134 Teneo
885 1091 918 1144 te,

130 1163 228 1230 inquit,
240 1160 346 1232 Africa.
382 1159 424 1210 Ad
438 1159 586 1210 eludendas
597 1165 687 1210 antem
697 1158 918 1220 vaticinationes,

132 1237 230 1304 quibus
240 1235 307 1286 felix
317 1240 344 1286 et
353 1234 484 1284 invictum
494 1234 523 1284 in
533 1249 566 1284 ea
575 1233 718 1300 provincia
728 1232 851 1284 fataliter
862 1231 919 1283 Sci-

130 1313 244 1378 pionum
256 1325 355 1360 nomen
366 1306 517 1372 ferebatur,
539 1307 772 1375 despectissimum
784 1307 918 1374 quendam

131 1401 165 1436 ex
176 1384 364 1436 Corneliorum
375 1398 485 1449 genere,
498 1383 542 1434 cui
552 1382 587 1432 ad
599 1382 776 1449 opprobrium
786 1381 860 1433 vitae
872 1381 919 1432 Sa·

132 1459 232 1512 lutioni
242 1473 392 1525 cognomen
403 1461 470 1520 erat,
481 1457 510 1506 in
521 1454 618 1507 castris
629 1473 719 1508 secum
730 1455 835 1508 babuit.

186 1532 247 1584 Lx.
265 1532 377 1585 Proelia
387 1547 442 1583 nou
452 1537 557 1582 tantum
573 1531 722 1596 destinato,
737 1531 785 1583 sed
795 1546 829 1583 ex
841 1545 920 1582 occa·

132 1611 209 1662 sione
219 1608 355 1669 sumebat3
376 1621 409 1658 ac
418 1620 499 1672 saepe
510 1606 544 1657 ab
555 1605 653 1658 itinere
662 1606 769 1670 statim,
783 1607 918 1657 interdum

131 1683 315 1751 spurcissimis
325 1682 543 1748 tempestatibus,
565 1696 646 1747 quum
662 1681 771 1732 minime
786 1682 848 1748 quis
863 1697 919 1732 mo-

131 1765 222 1808 tm‘om
238 1761 363 1824 ¹putaret3
386 1771 438 1807 nec
449 1755 504 1806 nisi
518 1762 640 1822 tempore
655 1762 774 1807 extremo
790 1755 826 1806 ad
842 1756 919 1806 diori-

132 1832 248 1883 caudum
263 1829 416 1884 cunctatior
429 1829 518 1882 faenus
533 1836 586 1893 est;
607 1846 661 1897 quo
676 1831 786 1898 saepius
801 1831 919 1892 vicisset,

131 1905 184 1958 hoc
198 1907 287 1958 minus
302 1905 481 1973 experiendos
496 1920 575 1956 casus
587 1906 720 1972 ‚opinans3
749 1903 872 1973 nihilque
891 1920 920 1956 se

130 1988 237 2034 tautum
252 1981 448 2050 acquisiturum
461 1979 591 2044 victoria,
607 1987 737 2047 quantrun
754 1980 862 2030 artferre
878 1995 920 2030 ca·

131 2058 240 2109 lamitas
250 2062 352 2124 posset.
390 2055 501 2107 Nullum
511 2070 632 2121 imquam
642 2053 748 2106 hostem
758 2054 842 2118 fudit,
855 2055 921 2121 quin

132 2133 229 2182 castris
240 2145 348 2198 quoque
358 2136 481 2181 exereret:
500 2131 540 2180 ita
550 2127 653 2179 nullum
665 2129 782 2197 spatium
793 2129 921 2196 perterri-

131 2207 167 2256 tis
182 2205 275 2255 dabat.
312 2204 431 2270 Ancipiti
446 2203 553 2271 proelio
569 2219 654 2270 equos
664 2205 834 2269 dimittebat,
855 2205 920 2254 etin

61 2297 66 2305 ·
131 2279 226 2347 primis
237 2295 328 2343 suum,
351 2294 404 2345 quo
419 2279 509 2329 maior
523 2279 701 2346 permanendi
709 2279 860 2330 necessitas
871 2279 920 2328 im·

131 2359 285 2424 poneretur,
298 2353 401 2404 auxilio
412 2351 493 2420 fugae
504 2359 606 2421 erepto.

186 2427 259 2479 LXl.
279 2429 412 2480 Utebatur
423 2435 512 2480 autem
524 2445 594 2496 equo
604 2429 719 2496 insigni,
730 2429 846 2497 pedibus
857 2444 921 2495 pro-

130 2520 165 2572 pe
175 2502 313 2567 humanis,
334 2508 361 2554 ct
374 2503 403 2553 in
413 2503 523 2555 modum
534 2504 682 2571 digitorum
692 2504 802 2571 ungulis
813 2503 920 2554 scissis:

132 2595 212 2646 quem
221 2584 315 2630 natum
327 2580 398 2646 apud
410 2595 447 2643 se,
459 2595 540 2646 quum
551 2577 710 2646 haruspices
720 2579 866 2647 imperium
878 2594 920 2630 or-

130 2653 173 2704 bis
182 2661 271 2706 terrae
283 2655 437 2722 significare
448 2655 559 2706 domino
574 2649 808 2722 pronunciassent,
820 2667 922 2721 magna

132 2743 197 2784 eiua
217 2729 297 2780 aluit:
321 2745 372 2782 nec
385 2731 531 2798 patientem
547 2730 663 2783 sessoris
683 2729 796 2781 alterius
815 2729 921 2795 primus
