<?xml version="1.0" encoding="UTF-8"?>
<!DOCTYPE html PUBLIC "-//W3C//DTD XHTML 1.0 Transitional//EN"
    "http://www.w3.org/TR/xhtml1/DTD/xhtml1-transitional.dtd">
<html xmlns="http://www.w3.org/1999/xhtml" xml:lang="en" lang="en">
 <head>
  <title>
</title>
<meta http-equiv="Content-Type" content="text/html;charset=utf-8" />
  <meta name='ocr-system' content='tesseract 3.04.00' />
  <meta name='ocr-capabilities' content='ocr_page ocr_carea ocr_par ocr_line ocrx_word'/>
</head>
<body>
  <div class='ocr_page' id='page_1' title='image "./csuetoniitranqu05suetgoog_0157.png"; bbox 0 0 2050 3034; ppageno 0'>
   <div class='ocr_carea' id='block_1_1' title="bbox 295 221 913 284">
    <p class='ocr_par' dir='ltr' id='par_1_1' title="bbox 295 221 913 284">
     <span class='ocr_line' id='line_1_1' title="bbox 295 221 913 284; baseline 0.003 -4"><span class='ocrx_word' id='word_1_1' title='bbox 295 229 483 280; x_wconf 81' lang='lat' dir='ltr'><strong>rrnnrrus.</strong></span> <span class='ocrx_word' id='word_1_2' title='bbox 519 233 733 281; x_wconf 77' lang='lat' dir='ltr'><strong>car.sr-so.</strong></span> <span class='ocrx_word' id='word_1_3' title='bbox 862 221 913 284; x_wconf 75' lang='lat' dir='ltr'><strong>art</strong></span> 
     </span>
    </p>
   </div>
   <div class='ocr_carea' id='block_1_2' title="bbox 106 356 914 1329">
    <p class='ocr_par' dir='ltr' id='par_1_2' title="bbox 106 356 914 1329">
     <span class='ocr_line' id='line_1_2' title="bbox 108 356 912 425; baseline -0.002 -15"><span class='ocrx_word' id='word_1_4' title='bbox 108 361 226 425; x_wconf 77' lang='lat' dir='ltr'><strong>ceptor,</strong></span> <span class='ocrx_word' id='word_1_5' title='bbox 248 362 275 409; x_wconf 92' lang='lat' dir='ltr'><strong>et</strong></span> <span class='ocrx_word' id='word_1_6' title='bbox 284 357 460 425; x_wconf 71' lang='lat' dir='ltr'><strong>prospexisse</strong></span> <span class='ocrx_word' id='word_1_7' title='bbox 470 358 575 424; x_wconf 88' lang='lat' dir='ltr'><strong>primns</strong></span> <span class='ocrx_word' id='word_1_8' title='bbox 588 358 738 424; x_wconf 72' lang='lat' dir='ltr'><strong>sagaciter,</strong></span> <span class='ocrx_word' id='word_1_9' title='bbox 757 359 786 408; x_wconf 89' lang='lat' dir='ltr'><strong>et</strong></span> <span class='ocrx_word' id='word_1_10' title='bbox 799 356 912 408; x_wconf 84' lang='lat' dir='ltr'><strong>assimu-</strong></span> 
     </span>
     <span class='ocr_line' id='line_1_3' title="bbox 106 431 913 500; baseline -0.001 -17"><span class='ocrx_word' id='word_1_11' title='bbox 106 432 189 485; x_wconf 89' lang='lat' dir='ltr'><strong>lasse</strong></span> <span class='ocrx_word' id='word_1_12' title='bbox 201 431 341 500; x_wconf 73' lang='lat' dir='ltr'><strong>aptissime</strong></span> <span class='ocrx_word' id='word_1_13' title='bbox 351 433 427 484; x_wconf 84' lang='lat' dir='ltr'><strong>visus</strong></span> <span class='ocrx_word' id='word_1_14' title='bbox 437 438 490 497; x_wconf 91' lang='lat' dir='ltr'><strong>est,</strong></span> <span class='ocrx_word' id='word_1_15' title='bbox 511 432 627 486; x_wconf 80' lang='lat' dir='ltr'><strong>subinde</strong></span> <span class='ocrx_word' id='word_1_16' title='bbox 636 432 667 484; x_wconf 91' lang='lat' dir='ltr'><strong>in</strong></span> <span class='ocrx_word' id='word_1_17' title='bbox 682 431 854 499; x_wconf 89' lang='lat' dir='ltr'><strong>obiurgando</strong></span> <span class='ocrx_word' id='word_1_18' title='bbox 867 446 913 498; x_wconf 90' lang='lat' dir='ltr'><strong>ap·</strong></span> 
     </span>
     <span class='ocr_line' id='line_1_4' title="bbox 106 502 914 574; baseline -0.002 -16"><span class='ocrx_word' id='word_1_19' title='bbox 106 507 224 574; x_wconf 81' lang='lat' dir='ltr'><strong>pellaris</strong></span> <span class='ocrx_word' id='word_1_20' title='bbox 237 521 299 558; x_wconf 85' lang='lat' dir='ltr'><strong>eum</strong></span> <span class='ocrx_word' id='word_1_21' title='bbox 313 502 401 571; x_wconf 66' lang='lat' dir='ltr'><strong>uulsis</strong></span> <span class='ocrx_word' id='word_1_22' title='bbox 416 502 512 566; x_wconf 73' lang='grc' dir='ltr'><em>αἵματι</em></span> <span class='ocrx_word' id='word_1_23' title='bbox 530 505 754 573; x_wconf 74' lang='grc' dir='ltr'>συμπεφυρμένον.</span> <span class='ocrx_word' id='word_1_24' title='bbox 793 505 848 558; x_wconf 86' lang='lat' dir='ltr'><strong>Sed</strong></span> <span class='ocrx_word' id='word_1_25' title='bbox 863 505 914 557; x_wconf 81' lang='lat' dir='ltr'><strong>ali·</strong></span> 
     </span>
     <span class='ocr_line' id='line_1_5' title="bbox 109 580 913 649; baseline -0.004 -16"><span class='ocrx_word' id='word_1_26' title='bbox 109 587 221 649; x_wconf 89' lang='lat' dir='ltr'><strong>quanto</strong></span> <span class='ocrx_word' id='word_1_27' title='bbox 235 582 323 648; x_wconf 85' lang='lat' dir='ltr'><strong>magis</strong></span> <span class='ocrx_word' id='word_1_28' title='bbox 336 583 367 633; x_wconf 92' lang='lat' dir='ltr'><strong>in</strong></span> <span class='ocrx_word' id='word_1_29' title='bbox 381 582 505 649; x_wconf 84' lang='lat' dir='ltr'><strong>principe</strong></span> <span class='ocrx_word' id='word_1_30' title='bbox 519 583 618 646; x_wconf 84' lang='lat' dir='ltr'><strong>eluxit,</strong></span> <span class='ocrx_word' id='word_1_31' title='bbox 639 583 723 634; x_wconf 88' lang='lat' dir='ltr'><strong>etiam</strong></span> <span class='ocrx_word' id='word_1_32' title='bbox 736 581 809 634; x_wconf 88' lang='lat' dir='ltr'><strong>inter</strong></span> <span class='ocrx_word' id='word_1_33' title='bbox 821 580 913 644; x_wconf 89' lang='lat' dir='ltr'><strong>initia,</strong></span> 
     </span>
     <span class='ocr_line' id='line_1_6' title="bbox 109 655 912 724; baseline 0 -18"><span class='ocrx_word' id='word_1_34' title='bbox 109 672 201 724; x_wconf 90' lang='lat' dir='ltr'><strong>quum</strong></span> <span class='ocrx_word' id='word_1_35' title='bbox 211 655 300 708; x_wconf 87' lang='lat' dir='ltr'><strong>adbuc</strong></span> <span class='ocrx_word' id='word_1_36' title='bbox 309 655 433 710; x_wconf 81' lang='lat' dir='ltr'><strong>favorem</strong></span> <span class='ocrx_word' id='word_1_37' title='bbox 443 656 584 710; x_wconf 90' lang='lat' dir='ltr'><strong>hominum</strong></span> <span class='ocrx_word' id='word_1_38' title='bbox 592 657 791 710; x_wconf 81' lang='lat' dir='ltr'><strong>moderationis</strong></span> <span class='ocrx_word' id='word_1_39' title='bbox 797 656 912 708; x_wconf 87' lang='lat' dir='ltr'><strong>assimu-</strong></span> 
     </span>
     <span class='ocr_line' id='line_1_7' title="bbox 108 730 911 802; baseline 0 -20"><span class='ocrx_word' id='word_1_40' title='bbox 108 730 221 783; x_wconf 80' lang='lat' dir='ltr'><strong>latione</strong></span> <span class='ocrx_word' id='word_1_41' title='bbox 232 737 364 798; x_wconf 87' lang='lat' dir='ltr'><strong>captaret.</strong></span> <span class='ocrx_word' id='word_1_42' title='bbox 390 731 528 798; x_wconf 78' lang='lat' dir='ltr'><strong>scurram,</strong></span> <span class='ocrx_word' id='word_1_43' title='bbox 539 733 596 802; x_wconf 90' lang='lat' dir='ltr'><strong>qui,</strong></span> <span class='ocrx_word' id='word_1_44' title='bbox 607 739 797 800; x_wconf 86' lang='lat' dir='ltr'><strong>praetereunte</strong></span> <span class='ocrx_word' id='word_1_45' title='bbox 807 730 911 794; x_wconf 83' lang='lat' dir='ltr'><strong>funere,</strong></span> 
     </span>
     <span class='ocr_line' id='line_1_8' title="bbox 111 805 911 876; baseline 0 -20"><span class='ocrx_word' id='word_1_46' title='bbox 111 805 189 858; x_wconf 87' lang='lat' dir='ltr'><strong>clare</strong></span> <span class='ocrx_word' id='word_1_47' title='bbox 199 813 309 859; x_wconf 88' lang='lat' dir='ltr'><strong>mortuo</strong></span> <span class='ocrx_word' id='word_1_48' title='bbox 319 807 478 872; x_wconf 87' lang='lat' dir='ltr'><strong>mandarat,</strong></span> <span class='ocrx_word' id='word_1_49' title='bbox 495 809 680 864; x_wconf 80' lang='lat' dir='ltr'><strong>utnunciaret</strong></span> <span class='ocrx_word' id='word_1_50' title='bbox 688 808 826 876; x_wconf 78' lang='lat' dir='ltr'><strong>Augusto,</strong></span> <span class='ocrx_word' id='word_1_51' title='bbox 847 822 911 858; x_wconf 77' lang='lat' dir='ltr'><strong>noo·</strong></span> 
     </span>
     <span class='ocr_line' id='line_1_9' title="bbox 110 880 911 958; baseline 0.001 -27"><span class='ocrx_word' id='word_1_52' title='bbox 110 880 176 932; x_wconf 85' lang='lat' dir='ltr'><strong>dum</strong></span> <span class='ocrx_word' id='word_1_53' title='bbox 185 880 263 938; x_wconf 75' lang='lat' dir='ltr'><strong>reddi</strong></span> <span class='ocrx_word' id='word_1_54' title='bbox 271 883 374 958; x_wconf 75' lang='lat' dir='ltr'><strong>legata,</strong></span> <span class='ocrx_word' id='word_1_55' title='bbox 390 898 457 949; x_wconf 81' lang='lat' dir='ltr'><strong>qnae</strong></span> <span class='ocrx_word' id='word_1_56' title='bbox 462 881 535 950; x_wconf 77' lang='lat' dir='ltr'><strong>plebi</strong></span> <span class='ocrx_word' id='word_1_57' title='bbox 541 881 701 950; x_wconf 78' lang='lat' dir='ltr'><strong>reliquisset,</strong></span> <span class='ocrx_word' id='word_1_58' title='bbox 717 889 865 935; x_wconf 88' lang='lat' dir='ltr'><strong>attractum</strong></span> <span class='ocrx_word' id='word_1_59' title='bbox 875 881 911 933; x_wconf 90' lang='lat' dir='ltr'><strong>ad</strong></span> 
     </span>
     <span class='ocr_line' id='line_1_10' title="bbox 111 956 910 1024; baseline 0 -17"><span class='ocrx_word' id='word_1_60' title='bbox 111 971 157 1020; x_wconf 82' lang='lat' dir='ltr'><strong>se,</strong></span> <span class='ocrx_word' id='word_1_61' title='bbox 171 956 295 1023; x_wconf 88' lang='lat' dir='ltr'><strong>recipere</strong></span> <span class='ocrx_word' id='word_1_62' title='bbox 309 956 431 1009; x_wconf 88' lang='lat' dir='ltr'><strong>debitum</strong></span> <span class='ocrx_word' id='word_1_63' title='bbox 442 957 560 1024; x_wconf 87' lang='lat' dir='ltr'><strong>ducique</strong></span> <span class='ocrx_word' id='word_1_64' title='bbox 571 958 607 1008; x_wconf 86' lang='lat' dir='ltr'><strong>nd</strong></span> <span class='ocrx_word' id='word_1_65' title='bbox 617 958 783 1024; x_wconf 89' lang='lat' dir='ltr'><strong>supplicium</strong></span> <span class='ocrx_word' id='word_1_66' title='bbox 793 959 910 1023; x_wconf 89' lang='lat' dir='ltr'><strong>impera-</strong></span> 
     </span>
     <span class='ocr_line' id='line_1_11' title="bbox 109 1031 910 1097; baseline -0.002 -15"><span class='ocrx_word' id='word_1_67' title='bbox 109 1031 165 1095; x_wconf 89' lang='lat' dir='ltr'><strong>vit,</strong></span> <span class='ocrx_word' id='word_1_68' title='bbox 186 1037 215 1083; x_wconf 91' lang='lat' dir='ltr'><strong>et</strong></span> <span class='ocrx_word' id='word_1_69' title='bbox 227 1031 302 1097; x_wconf 88' lang='lat' dir='ltr'><strong>patri</strong></span> <span class='ocrx_word' id='word_1_70' title='bbox 315 1047 474 1085; x_wconf 80' lang='lat' dir='ltr'><strong>saevarum</strong></span> <span class='ocrx_word' id='word_1_71' title='bbox 488 1031 600 1084; x_wconf 81' lang='lat' dir='ltr'><strong>referre.</strong></span> <span class='ocrx_word' id='word_1_72' title='bbox 638 1031 697 1084; x_wconf 91' lang='lat' dir='ltr'><strong>Nec</strong></span> <span class='ocrx_word' id='word_1_73' title='bbox 711 1033 797 1083; x_wconf 86' lang='lat' dir='ltr'><strong>multo</strong></span> <span class='ocrx_word' id='word_1_74' title='bbox 807 1037 872 1097; x_wconf 87' lang='lat' dir='ltr'><strong>post</strong></span> <span class='ocrx_word' id='word_1_75' title='bbox 881 1031 910 1081; x_wconf 91' lang='lat' dir='ltr'><strong>in</strong></span> 
     </span>
     <span class='ocr_line' id='line_1_12' title="bbox 111 1104 910 1175; baseline -0.003 -19"><span class='ocrx_word' id='word_1_76' title='bbox 111 1111 211 1158; x_wconf 88' lang='lat' dir='ltr'><strong>senatu</strong></span> <span class='ocrx_word' id='word_1_77' title='bbox 224 1105 357 1173; x_wconf 90' lang='lat' dir='ltr'><strong>Pompeio</strong></span> <span class='ocrx_word' id='word_1_78' title='bbox 377 1107 497 1172; x_wconf 86' lang='lat' dir='ltr'><strong>cuidam,</strong></span> <span class='ocrx_word' id='word_1_79' title='bbox 518 1106 606 1175; x_wconf 84' lang='lat' dir='ltr'><strong>equiti</strong></span> <span class='ocrx_word' id='word_1_80' title='bbox 619 1106 759 1170; x_wconf 86' lang='lat' dir='ltr'><strong>Romano,</strong></span> <span class='ocrx_word' id='word_1_81' title='bbox 780 1104 910 1172; x_wconf 84' lang='lat' dir='ltr'><strong>quiddam</strong></span> 
     </span>
     <span class='ocr_line' id='line_1_13' title="bbox 110 1178 911 1251; baseline -0.004 -19"><span class='ocrx_word' id='word_1_82' title='bbox 110 1181 284 1248; x_wconf 86' lang='lat' dir='ltr'><strong>perneganti,</strong></span> <span class='ocrx_word' id='word_1_83' title='bbox 295 1181 359 1232; x_wconf 88' lang='lat' dir='ltr'><strong>dum</strong></span> <span class='ocrx_word' id='word_1_84' title='bbox 369 1183 480 1235; x_wconf 87' lang='lat' dir='ltr'><strong>vincula</strong></span> <span class='ocrx_word' id='word_1_85' title='bbox 490 1182 625 1247; x_wconf 77' lang='lat' dir='ltr'><strong>minatsm,</strong></span> <span class='ocrx_word' id='word_1_86' title='bbox 637 1178 864 1251; x_wconf 81' lang='lat' dir='ltr'><strong>affirmavitsore,</strong></span> <span class='ocrx_word' id='word_1_87' title='bbox 879 1186 911 1230; x_wconf 84' lang='lat' dir='ltr'><strong>ut</strong></span> 
     </span>
     <span class='ocr_line' id='line_1_14' title="bbox 110 1253 910 1329; baseline -0.001 -23"><span class='ocrx_word' id='word_1_88' title='bbox 110 1271 144 1307; x_wconf 81' lang='lat' dir='ltr'><strong>ex</strong></span> <span class='ocrx_word' id='word_1_89' title='bbox 159 1253 285 1322; x_wconf 79' lang='lat' dir='ltr'><strong>Pompeio</strong></span> <span class='ocrx_word' id='word_1_90' title='bbox 299 1255 475 1326; x_wconf 77' lang='lat' dir='ltr'><strong>Pompeianus</strong></span> <span class='ocrx_word' id='word_1_91' title='bbox 485 1257 586 1329; x_wconf 62' lang='lat' dir='ltr'><strong>fieren</strong></span> <span class='ocrx_word' id='word_1_92' title='bbox 614 1257 715 1310; x_wconf 89' lang='lat' dir='ltr'><strong>acerba</strong></span> <span class='ocrx_word' id='word_1_93' title='bbox 734 1255 910 1308; x_wconf 84' lang='lat' dir='ltr'><strong>cavillatione</strong></span> 
     </span>
    </p>
   </div>
   <div class='ocr_carea' id='block_1_3' title="bbox 110 1329 908 1458">
    <p class='ocr_par' dir='ltr' id='par_1_3' title="bbox 110 1329 908 1458">
     <span class='ocr_line' id='line_1_15' title="bbox 110 1329 908 1458; baseline -0.001 -76"><span class='ocrx_word' id='word_1_94' title='bbox 110 1329 324 1458; x_wconf 54' lang='lat' dir='ltr'><strong>iiffihomim</strong></span> <span class='ocrx_word' id='word_1_95' title='bbox 334 1348 433 1384; x_wconf 89' lang='lat' dir='ltr'><strong>nomen</strong></span> <span class='ocrx_word' id='word_1_96' title='bbox 443 1333 595 1398; x_wconf 85' lang='lat' dir='ltr'><strong>incessens,</strong></span> <span class='ocrx_word' id='word_1_97' title='bbox 606 1338 779 1402; x_wconf 82' lang='lat' dir='ltr'><strong>veteremque</strong></span> <span class='ocrx_word' id='word_1_98' title='bbox 789 1330 908 1397; x_wconf 89' lang='lat' dir='ltr'><strong>partium</strong></span> 
     </span>
     <span class='ocr_line' id='line_1_16' title="bbox 125 1420 263 1458; baseline 0 -1"><span class='ocrx_word' id='word_1_99' title='bbox 125 1421 142 1457; x_wconf 92' lang='lat' dir='ltr'><strong>o</strong></span> <span class='ocrx_word' id='word_1_100' title='bbox 209 1420 263 1458; x_wconf 83' lang='lat' dir='ltr'><strong>sm.</strong></span> 
     </span>
    </p>
   </div>
   <div class='ocr_carea' id='block_1_4' title="bbox 110 1519 910 2564">
    <p class='ocr_par' dir='ltr' id='par_1_4' title="bbox 110 1519 910 2564">
     <span class='ocr_line' id='line_1_17' title="bbox 169 1519 908 1594; baseline 0.007 -23"><span class='ocrx_word' id='word_1_101' title='bbox 169 1519 268 1594; x_wconf 87' lang='lat' dir='ltr'><strong>LVlll.</strong></span> <span class='ocrx_word' id='word_1_102' title='bbox 288 1521 345 1576; x_wconf 86' lang='lat' dir='ltr'><strong>Sub</strong></span> <span class='ocrx_word' id='word_1_103' title='bbox 359 1523 433 1577; x_wconf 87' lang='lat' dir='ltr'><strong>idem</strong></span> <span class='ocrx_word' id='word_1_104' title='bbox 451 1530 571 1592; x_wconf 87' lang='lat' dir='ltr'><strong>tempus,</strong></span> <span class='ocrx_word' id='word_1_105' title='bbox 593 1525 752 1578; x_wconf 86' lang='lat' dir='ltr'><strong>consulente</strong></span> <span class='ocrx_word' id='word_1_106' title='bbox 771 1531 908 1592; x_wconf 85' lang='lat' dir='ltr'><strong>praetore,</strong></span> 
     </span>
     <span class='ocr_line' id='line_1_18' title="bbox 114 1597 909 1668; baseline 0.001 -20"><span class='ocrx_word' id='word_1_107' title='bbox 114 1611 151 1648; x_wconf 87' lang='lat' dir='ltr'><strong>an</strong></span> <span class='ocrx_word' id='word_1_108' title='bbox 164 1597 268 1650; x_wconf 90' lang='lat' dir='ltr'><strong>iudicia</strong></span> <span class='ocrx_word' id='word_1_109' title='bbox 281 1599 435 1651; x_wconf 87' lang='lat' dir='ltr'><strong>maiestatis</strong></span> <span class='ocrx_word' id='word_1_110' title='bbox 450 1601 513 1668; x_wconf 88' lang='lat' dir='ltr'><strong>cogi</strong></span> <span class='ocrx_word' id='word_1_111' title='bbox 527 1601 647 1664; x_wconf 89' lang='lat' dir='ltr'><strong>iuberet,</strong></span> <span class='ocrx_word' id='word_1_112' title='bbox 668 1598 834 1654; x_wconf 83' lang='lat' dir='ltr'><strong>exercendas</strong></span> <span class='ocrx_word' id='word_1_113' title='bbox 849 1615 909 1650; x_wconf 85' lang='lat' dir='ltr'><strong>esse</strong></span> 
     </span>
     <span class='ocr_line' id='line_1_19' title="bbox 110 1670 909 1740; baseline 0.004 -19"><span class='ocrx_word' id='word_1_114' title='bbox 110 1670 187 1739; x_wconf 85' lang='lat' dir='ltr'><strong>leges</strong></span> <span class='ocrx_word' id='word_1_115' title='bbox 204 1673 360 1740; x_wconf 89' lang='lat' dir='ltr'><strong>respondit,</strong></span> <span class='ocrx_word' id='word_1_116' title='bbox 382 1681 409 1726; x_wconf 89' lang='lat' dir='ltr'><strong>et</strong></span> <span class='ocrx_word' id='word_1_117' title='bbox 427 1675 599 1728; x_wconf 85' lang='lat' dir='ltr'><strong>atrocissime</strong></span> <span class='ocrx_word' id='word_1_118' title='bbox 620 1675 750 1728; x_wconf 88' lang='lat' dir='ltr'><strong>exercuit.</strong></span> <span class='ocrx_word' id='word_1_119' title='bbox 795 1673 909 1726; x_wconf 75' lang='lat' dir='ltr'><strong>Statirae</strong></span> 
     </span>
     <span class='ocr_line' id='line_1_20' title="bbox 112 1747 909 1817; baseline 0.001 -18"><span class='ocrx_word' id='word_1_120' title='bbox 112 1747 225 1814; x_wconf 85' lang='lat' dir='ltr'><strong>quidam</strong></span> <span class='ocrx_word' id='word_1_121' title='bbox 234 1748 352 1816; x_wconf 82' lang='lat' dir='ltr'><strong>Augusti</strong></span> <span class='ocrx_word' id='word_1_122' title='bbox 366 1756 448 1816; x_wconf 87' lang='lat' dir='ltr'><strong>caput</strong></span> <span class='ocrx_word' id='word_1_123' title='bbox 462 1751 629 1817; x_wconf 84' lang='lat' dir='ltr'><strong>dempserat,</strong></span> <span class='ocrx_word' id='word_1_124' title='bbox 648 1756 681 1802; x_wconf 89' lang='lat' dir='ltr'><strong>ut</strong></span> <span class='ocrx_word' id='word_1_125' title='bbox 694 1749 807 1802; x_wconf 86' lang='lat' dir='ltr'><strong>alterins</strong></span> <span class='ocrx_word' id='word_1_126' title='bbox 820 1749 909 1816; x_wconf 89' lang='lat' dir='ltr'><strong>impo-</strong></span> 
     </span>
     <span class='ocr_line' id='line_1_21' title="bbox 110 1823 909 1891; baseline -0.001 -17"><span class='ocrx_word' id='word_1_127' title='bbox 110 1829 196 1874; x_wconf 90' lang='lat' dir='ltr'><strong>neret.</strong></span> <span class='ocrx_word' id='word_1_128' title='bbox 234 1823 304 1875; x_wconf 78' lang='lat' dir='ltr'><strong>Aeta</strong></span> <span class='ocrx_word' id='word_1_129' title='bbox 314 1839 358 1876; x_wconf 83' lang='lat' dir='ltr'><strong>res</strong></span> <span class='ocrx_word' id='word_1_130' title='bbox 367 1824 397 1874; x_wconf 90' lang='lat' dir='ltr'><strong>in</strong></span> <span class='ocrx_word' id='word_1_131' title='bbox 407 1831 513 1889; x_wconf 87' lang='lat' dir='ltr'><strong>senatu,</strong></span> <span class='ocrx_word' id='word_1_132' title='bbox 526 1829 554 1876; x_wconf 88' lang='lat' dir='ltr'><strong>et</strong></span> <span class='ocrx_word' id='word_1_133' title='bbox 563 1825 630 1891; x_wconf 90' lang='lat' dir='ltr'><strong>quia</strong></span> <span class='ocrx_word' id='word_1_134' title='bbox 640 1824 844 1891; x_wconf 86' lang='lat' dir='ltr'><strong>ambigebatur,</strong></span> <span class='ocrx_word' id='word_1_135' title='bbox 859 1837 909 1888; x_wconf 88' lang='lat' dir='ltr'><strong>por</strong></span> 
     </span>
     <span class='ocr_line' id='line_1_22' title="bbox 110 1895 909 1966; baseline -0.003 -18"><span class='ocrx_word' id='word_1_136' title='bbox 110 1902 249 1949; x_wconf 87' lang='lat' dir='ltr'><strong>tormenta</strong></span> <span class='ocrx_word' id='word_1_137' title='bbox 260 1899 385 1966; x_wconf 73' lang='lat' dir='ltr'><strong>quiaesita</strong></span> <span class='ocrx_word' id='word_1_138' title='bbox 395 1905 446 1950; x_wconf 87' lang='lat' dir='ltr'><strong>est.</strong></span> <span class='ocrx_word' id='word_1_139' title='bbox 480 1898 618 1950; x_wconf 87' lang='lat' dir='ltr'><strong>Damnato</strong></span> <span class='ocrx_word' id='word_1_140' title='bbox 630 1913 688 1963; x_wconf 90' lang='lat' dir='ltr'><strong>reo,</strong></span> <span class='ocrx_word' id='word_1_141' title='bbox 698 1897 844 1965; x_wconf 86' lang='lat' dir='ltr'><strong>paullatim</strong></span> <span class='ocrx_word' id='word_1_142' title='bbox 854 1895 909 1948; x_wconf 89' lang='lat' dir='ltr'><strong>hoc</strong></span> 
     </span>
     <span class='ocr_line' id='line_1_23' title="bbox 110 1968 908 2040; baseline -0.001 -17"><span class='ocrx_word' id='word_1_143' title='bbox 110 1987 196 2038; x_wconf 86' lang='lat' dir='ltr'><strong>genus</strong></span> <span class='ocrx_word' id='word_1_144' title='bbox 208 1972 362 2025; x_wconf 86' lang='lat' dir='ltr'><strong>calumniae</strong></span> <span class='ocrx_word' id='word_1_145' title='bbox 372 1990 405 2026; x_wconf 91' lang='lat' dir='ltr'><strong>eo</strong></span> <span class='ocrx_word' id='word_1_146' title='bbox 416 1973 564 2040; x_wconf 86' lang='lat' dir='ltr'><strong>processit,</strong></span> <span class='ocrx_word' id='word_1_147' title='bbox 584 1977 616 2022; x_wconf 89' lang='lat' dir='ltr'><strong>ut</strong></span> <span class='ocrx_word' id='word_1_148' title='bbox 626 1968 694 2022; x_wconf 89' lang='lat' dir='ltr'><strong>haec</strong></span> <span class='ocrx_word' id='word_1_149' title='bbox 709 1985 818 2038; x_wconf 86' lang='lat' dir='ltr'><strong>quoquc</strong></span> <span class='ocrx_word' id='word_1_150' title='bbox 833 1971 908 2036; x_wconf 85' lang='lat' dir='ltr'><strong>oapi·</strong></span> 
     </span>
     <span class='ocr_line' id='line_1_24' title="bbox 110 2045 908 2116; baseline -0.003 -18"><span class='ocrx_word' id='word_1_151' title='bbox 110 2047 180 2099; x_wconf 85' lang='lat' dir='ltr'><strong>talia</strong></span> <span class='ocrx_word' id='word_1_152' title='bbox 189 2053 293 2100; x_wconf 75' lang='lat' dir='ltr'><strong>essentr</strong></span> <span class='ocrx_word' id='word_1_153' title='bbox 314 2048 388 2100; x_wconf 86' lang='lat' dir='ltr'><strong>cirea</strong></span> <span class='ocrx_word' id='word_1_154' title='bbox 397 2049 515 2116; x_wconf 81' lang='lat' dir='ltr'><strong>Augusti</strong></span> <span class='ocrx_word' id='word_1_155' title='bbox 528 2046 704 2098; x_wconf 89' lang='lat' dir='ltr'><strong>simulacrum</strong></span> <span class='ocrx_word' id='word_1_156' title='bbox 719 2060 827 2098; x_wconf 81' lang='lat' dir='ltr'><strong>servrun</strong></span> <span class='ocrx_word' id='word_1_157' title='bbox 839 2045 908 2096; x_wconf 89' lang='lat' dir='ltr'><strong>oeci·</strong></span> 
     </span>
     <span class='ocr_line' id='line_1_25' title="bbox 113 2120 907 2188; baseline 0 -16"><span class='ocrx_word' id='word_1_158' title='bbox 113 2120 198 2188; x_wconf 89' lang='lat' dir='ltr'><strong>disse,</strong></span> <span class='ocrx_word' id='word_1_159' title='bbox 219 2124 382 2174; x_wconf 87' lang='lat' dir='ltr'><strong>vestimenta</strong></span> <span class='ocrx_word' id='word_1_160' title='bbox 395 2130 528 2188; x_wconf 82' lang='lat' dir='ltr'><strong>mutasse,</strong></span> <span class='ocrx_word' id='word_1_161' title='bbox 547 2137 659 2174; x_wconf 89' lang='lat' dir='ltr'><strong>nummo</strong></span> <span class='ocrx_word' id='word_1_162' title='bbox 675 2121 719 2172; x_wconf 86' lang='lat' dir='ltr'><strong>vel</strong></span> <span class='ocrx_word' id='word_1_163' title='bbox 734 2120 835 2172; x_wconf 88' lang='lat' dir='ltr'><strong>annulo</strong></span> <span class='ocrx_word' id='word_1_164' title='bbox 851 2121 907 2174; x_wconf 81' lang='lat' dir='ltr'><strong>effi-</strong></span> 
     </span>
     <span class='ocr_line' id='line_1_26' title="bbox 112 2195 908 2264; baseline -0.001 -17"><span class='ocrx_word' id='word_1_165' title='bbox 112 2197 183 2262; x_wconf 86' lang='lat' dir='ltr'><strong>giem</strong></span> <span class='ocrx_word' id='word_1_166' title='bbox 192 2197 355 2264; x_wconf 85' lang='lat' dir='ltr'><strong>impressam</strong></span> <span class='ocrx_word' id='word_1_167' title='bbox 369 2197 489 2251; x_wconf 85' lang='lat' dir='ltr'><strong>latrinae</strong></span> <span class='ocrx_word' id='word_1_168' title='bbox 503 2203 551 2250; x_wconf 91' lang='lat' dir='ltr'><strong>aut</strong></span> <span class='ocrx_word' id='word_1_169' title='bbox 564 2197 693 2264; x_wconf 86' lang='lat' dir='ltr'><strong>lupanari</strong></span> <span class='ocrx_word' id='word_1_170' title='bbox 706 2195 846 2261; x_wconf 85' lang='lat' dir='ltr'><strong>intulisse,</strong></span> <span class='ocrx_word' id='word_1_171' title='bbox 868 2195 908 2247; x_wconf 91' lang='lat' dir='ltr'><strong>di-</strong></span> 
     </span>
     <span class='ocr_line' id='line_1_27' title="bbox 115 2271 908 2339; baseline -0.004 -16"><span class='ocrx_word' id='word_1_172' title='bbox 115 2276 185 2324; x_wconf 87' lang='lat' dir='ltr'><strong>ctum</strong></span> <span class='ocrx_word' id='word_1_173' title='bbox 199 2271 287 2323; x_wconf 89' lang='lat' dir='ltr'><strong>ullum</strong></span> <span class='ocrx_word' id='word_1_174' title='bbox 301 2272 438 2324; x_wconf 86' lang='lat' dir='ltr'><strong>factumve</strong></span> <span class='ocrx_word' id='word_1_175' title='bbox 452 2275 511 2325; x_wconf 91' lang='lat' dir='ltr'><strong>eius</strong></span> <span class='ocrx_word' id='word_1_176' title='bbox 525 2273 730 2325; x_wconf 83' lang='lat' dir='ltr'><strong>existimatione</strong></span> <span class='ocrx_word' id='word_1_177' title='bbox 744 2273 839 2339; x_wconf 89' lang='lat' dir='ltr'><strong>aliqua</strong></span> <span class='ocrx_word' id='word_1_178' title='bbox 853 2271 908 2321; x_wconf 86' lang='lat' dir='ltr'><strong>lae·</strong></span> 
     </span>
     <span class='ocr_line' id='line_1_28' title="bbox 113 2345 910 2417; baseline -0.004 -21"><span class='ocrx_word' id='word_1_179' title='bbox 113 2347 190 2399; x_wconf 87' lang='lat' dir='ltr'><strong>sisse.</strong></span> <span class='ocrx_word' id='word_1_180' title='bbox 229 2345 317 2399; x_wconf 91' lang='lat' dir='ltr'><strong>Periit</strong></span> <span class='ocrx_word' id='word_1_181' title='bbox 328 2347 444 2415; x_wconf 88' lang='lat' dir='ltr'><strong>denique</strong></span> <span class='ocrx_word' id='word_1_182' title='bbox 455 2349 528 2412; x_wconf 88' lang='lat' dir='ltr'><strong>etis,</strong></span> <span class='ocrx_word' id='word_1_183' title='bbox 550 2349 598 2417; x_wconf 90' lang='lat' dir='ltr'><strong>qui</strong></span> <span class='ocrx_word' id='word_1_184' title='bbox 611 2347 743 2400; x_wconf 89' lang='lat' dir='ltr'><strong>honorem</strong></span> <span class='ocrx_word' id='word_1_185' title='bbox 757 2347 786 2397; x_wconf 92' lang='lat' dir='ltr'><strong>ln</strong></span> <span class='ocrx_word' id='word_1_186' title='bbox 798 2345 910 2397; x_wconf 89' lang='lat' dir='ltr'><strong>colonia</strong></span> 
     </span>
     <span class='ocr_line' id='line_1_29' title="bbox 114 2419 909 2490; baseline -0.003 -19"><span class='ocrx_word' id='word_1_187' title='bbox 114 2437 164 2472; x_wconf 87' lang='lat' dir='ltr'><strong>sua</strong></span> <span class='ocrx_word' id='word_1_188' title='bbox 173 2437 208 2475; x_wconf 93' lang='lat' dir='ltr'><strong>eo</strong></span> <span class='ocrx_word' id='word_1_189' title='bbox 219 2422 264 2474; x_wconf 92' lang='lat' dir='ltr'><strong>die</strong></span> <span class='ocrx_word' id='word_1_190' title='bbox 276 2421 385 2474; x_wconf 87' lang='lat' dir='ltr'><strong>decerni</strong></span> <span class='ocrx_word' id='word_1_191' title='bbox 395 2421 451 2473; x_wconf 88' lang='lat' dir='ltr'><strong>sibi</strong></span> <span class='ocrx_word' id='word_1_192' title='bbox 460 2438 559 2488; x_wconf 87' lang='lat' dir='ltr'><strong>passus</strong></span> <span class='ocrx_word' id='word_1_193' title='bbox 569 2429 623 2488; x_wconf 88' lang='lat' dir='ltr'><strong>est,</strong></span> <span class='ocrx_word' id='word_1_194' title='bbox 639 2438 693 2490; x_wconf 87' lang='lat' dir='ltr'><strong>quo</strong></span> <span class='ocrx_word' id='word_1_195' title='bbox 705 2421 809 2473; x_wconf 88' lang='lat' dir='ltr'><strong>decreti</strong></span> <span class='ocrx_word' id='word_1_196' title='bbox 819 2424 847 2469; x_wconf 89' lang='lat' dir='ltr'><strong>et</strong></span> <span class='ocrx_word' id='word_1_197' title='bbox 855 2419 909 2469; x_wconf 83' lang='lat' dir='ltr'><strong>Au·</strong></span> 
     </span>
     <span class='ocr_line' id='line_1_30' title="bbox 111 2496 367 2564; baseline -0.004 -15"><span class='ocrx_word' id='word_1_198' title='bbox 111 2503 190 2564; x_wconf 79' lang='lat' dir='ltr'><strong>gusto</strong></span> <span class='ocrx_word' id='word_1_199' title='bbox 202 2496 270 2548; x_wconf 92' lang='lat' dir='ltr'><strong>olim</strong></span> <span class='ocrx_word' id='word_1_200' title='bbox 280 2503 367 2550; x_wconf 87' lang='lat' dir='ltr'><strong>erant.</strong></span> 
     </span>
    </p>
   </div>
   <div class='ocr_carea' id='block_1_5' title="bbox 67 2601 935 2820">
    <p class='ocr_par' dir='ltr' id='par_1_5' title="bbox 67 2601 935 2820">
     <span class='ocr_line' id='line_1_31' title="bbox 67 2601 935 2672; baseline -0.008 -14"><span class='ocrx_word' id='word_1_201' title='bbox 67 2615 71 2618; x_wconf 84' lang='lat'>&#39;</span> <span class='ocrx_word' id='word_1_202' title='bbox 164 2605 240 2658; x_wconf 84' lang='lat' dir='ltr'><strong>LIX.</strong></span> <span class='ocrx_word' id='word_1_203' title='bbox 259 2605 351 2658; x_wconf 83' lang='lat' dir='ltr'><strong>Multa</strong></span> <span class='ocrx_word' id='word_1_204' title='bbox 360 2609 516 2672; x_wconf 82' lang='lat' dir='ltr'><strong>praeterea,</strong></span> <span class='ocrx_word' id='word_1_205' title='bbox 536 2606 628 2672; x_wconf 86' lang='lat' dir='ltr'><strong>specie</strong></span> <span class='ocrx_word' id='word_1_206' title='bbox 642 2601 787 2670; x_wconf 87' lang='lat' dir='ltr'><strong>gravitatis</strong></span> <span class='ocrx_word' id='word_1_207' title='bbox 803 2616 836 2651; x_wconf 86' lang='lat' dir='ltr'><strong>ac</strong></span> <span class='ocrx_word' id='word_1_208' title='bbox 848 2615 907 2652; x_wconf 89' lang='lat' dir='ltr'><strong>mo·</strong></span> <span class='ocrx_word' id='word_1_209' title='bbox 926 2627 935 2640; x_wconf 65' lang='grc' dir='ltr'><em>ο</em></span> 
     </span>
     <span class='ocr_line' id='line_1_32' title="bbox 112 2675 906 2748; baseline -0.011 -14"><span class='ocrx_word' id='word_1_210' title='bbox 112 2697 169 2733; x_wconf 88' lang='lat' dir='ltr'><strong>rum</strong></span> <span class='ocrx_word' id='word_1_211' title='bbox 180 2681 420 2748; x_wconf 83' lang='lat' dir='ltr'><strong>corrigendorum,</strong></span> <span class='ocrx_word' id='word_1_212' title='bbox 441 2678 489 2731; x_wconf 89' lang='lat' dir='ltr'><strong>sed</strong></span> <span class='ocrx_word' id='word_1_213' title='bbox 504 2684 532 2730; x_wconf 90' lang='lat' dir='ltr'><strong>et</strong></span> <span class='ocrx_word' id='word_1_214' title='bbox 544 2679 633 2747; x_wconf 86' lang='lat' dir='ltr'><strong>magis</strong></span> <span class='ocrx_word' id='word_1_215' title='bbox 643 2681 758 2728; x_wconf 88' lang='lat' dir='ltr'><strong>naturae</strong></span> <span class='ocrx_word' id='word_1_216' title='bbox 769 2675 906 2741; x_wconf 86' lang='lat' dir='ltr'><strong>obtempe-</strong></span> 
     </span>
     <span class='ocr_line' id='line_1_33' title="bbox 113 2750 905 2820; baseline -0.01 -11"><span class='ocrx_word' id='word_1_217' title='bbox 113 2771 185 2820; x_wconf 85' lang='lat' dir='ltr'><strong>rans,</strong></span> <span class='ocrx_word' id='word_1_218' title='bbox 194 2756 236 2807; x_wconf 86' lang='lat' dir='ltr'><strong>ita</strong></span> <span class='ocrx_word' id='word_1_219' title='bbox 246 2771 328 2808; x_wconf 84' lang='lat' dir='ltr'><strong>saeve</strong></span> <span class='ocrx_word' id='word_1_220' title='bbox 339 2761 366 2810; x_wconf 88' lang='lat' dir='ltr'><strong>et</strong></span> <span class='ocrx_word' id='word_1_221' title='bbox 376 2755 510 2808; x_wconf 57' lang='lat' dir='ltr'><strong>abactor</strong></span> <span class='ocrx_word' id='word_1_222' title='bbox 519 2751 667 2816; x_wconf 79' lang='lat' dir='ltr'><strong>factitavit,</strong></span> <span class='ocrx_word' id='word_1_223' title='bbox 672 2756 704 2802; x_wconf 87' lang='lat' dir='ltr'><strong>ut</strong></span> <span class='ocrx_word' id='word_1_224' title='bbox 712 2750 839 2804; x_wconf 86' lang='lat' dir='ltr'><strong>nonnulli</strong></span> <span class='ocrx_word' id='word_1_225' title='bbox 847 2765 905 2812; x_wconf 78' lang='lat' dir='ltr'><strong>ver·</strong></span> 
     </span>
    </p>
   </div>
   <div class='ocr_carea' id='block_1_6' title="bbox 146 2843 700 2898">
    <p class='ocr_par' dir='ltr' id='par_1_6' title="bbox 146 2843 700 2898">
     <span class='ocr_line' id='line_1_34' title="bbox 146 2843 700 2898; baseline -0.004 0"><span class='ocrx_word' id='word_1_226' title='bbox 146 2850 290 2898; x_wconf 70' lang='lat' dir='ltr'><strong>burron.</strong></span> <span class='ocrx_word' id='word_1_227' title='bbox 676 2843 700 2896; x_wconf 85' lang='grc' dir='ltr'>Κ</span> 
     </span>
    </p>
   </div>
   <div class='ocr_carea' id='block_1_7' title="bbox 0 0 1034 3034">
    <p class='ocr_par' dir='ltr' id='par_1_7' title="bbox 0 0 1034 3034">
     <span class='ocr_line' id='line_1_35' title="bbox 0 0 1034 3034; baseline 0 0"><span class='ocrx_word' id='word_1_228' title='bbox 0 0 1034 3034; x_wconf 95' lang='lat' dir='ltr'><strong> </strong></span> 
     </span>
    </p>
   </div>
   <div class='ocr_carea' id='block_1_8' title="bbox 854 2954 862 2981">
    <p class='ocr_par' dir='ltr' id='par_1_8' title="bbox 854 2954 862 2981">
     <span class='ocr_line' id='line_1_36' title="bbox 854 2954 862 2981; baseline 0 0"><span class='ocrx_word' id='word_1_229' title='bbox 854 2954 862 2981; x_wconf 85' lang='lat' dir='ltr'><strong>l</strong></span> 
     </span>
    </p>
   </div>
  </div>
 </body>
</html>
