2050 3034
158 223 209 279 138
439 227 465 272 G.
487 222 678 274 SUETONll

158 351 260 421 sigillis
270 347 515 404 lasciuissimarum
526 351 696 418 picturarum
710 353 738 400 et
747 347 901 416 figurarum
911 346 960 400 ad-

159 428 281 492 ornavit,
302 428 435 494 librisque
449 425 640 493 Elephantidis
656 425 801 489 instruxit,
821 441 856 476 ne
874 425 960 476 cuiin

159 519 244 569 opera
259 503 365 554 edenda
381 502 519 568 exemplar
532 503 682 567 imperatae
698 497 824 552 schemae
839 498 957 551 deesset.

157 578 187 629 In
199 578 276 629 silvis
288 592 396 645 quoque
408 592 441 628 ae
449 577 608 628 nemoribus
618 574 867 642 passimVenereos
878 575 957 626 locos

158 657 326 704 commentus
336 657 390 715 est,
406 657 617 719 prostantesque
628 665 676 717 per
688 656 768 701 antra
779 656 807 700 et
817 665 902 702 cavas
912 665 956 700 rn-

157 743 214 794 pes,
221 742 254 779 ex
264 727 407 793 utriusque
418 742 498 778 sexus
509 727 589 793 pube,
596 723 772 793 pariseorum
783 730 811 776 et
820 723 955 792 nympha-

157 818 216 852 rum
226 800 335 853 habitu:
355 801 501 869 palamque
515 802 571 851 iam
586 807 614 851 et
627 799 712 866 vulgo·
724 800 836 851 nomine
846 801 955 852 insulae

157 877 309 940 abutentes,
321 875 485 942 Caprineum
497 876 670 926 dictitabant.

211 950 311 1004 XLIV.
331 951 440 1002 Maiore
451 949 541 1001 adhue
551 956 578 1002 et
588 951 711 1016 turpiore
726 948 844 1000 infamia
853 949 955 1017 flagra-

154 1026 203 1090 vit,
214 1027 261 1076 vix
270 1033 301 1077 nt
310 1025 409 1078 referri
419 1026 551 1089 audirive,
561 1025 661 1076 nedum
673 1024 748 1076 credi
757 1024 801 1075 fas
811 1025 863 1075 siti
874 1026 956 1091 quasi

155 1116 256 1168 pueros
266 1102 370 1168 primae
380 1101 580 1164 teneritudinis,
588 1115 656 1166 qnos
668 1099 817 1168 pisciculos
823 1101 954 1164 vocabat,

154 1178 322 1240 institueret,
343 1182 374 1227 nt
387 1177 495 1226 natanti
508 1176 563 1225 sibi
573 1176 644 1225 inter
653 1174 757 1224 femina
766 1180 954 1238 versarentur,

156 1268 188 1302 ac
198 1251 323 1304 luderent
332 1251 429 1317 lingua
439 1265 586 1316 morsuque
602 1249 703 1300 sensim
719 1255 892 1315 appetentes3
913 1256 955 1300 at·
1018 1311 1019 1314 Ἴ

155 1343 206 1393 que
217 1327 300 1377 etiam
311 1327 391 1393 quasi
400 1324 519 1377 infantes
530 1324 673 1389 firmiores,
685 1325 799 1375 necdum
809 1330 903 1376 tamen
913 1325 954 1374 la-

155 1408 196 1450 cte
212 1400 354 1467 depulsos,
374 1400 482 1467 inguini
497 1416 546 1452 eeu
559 1399 681 1466 papillae
696 1400 867 1452 admoveret:
890 1415 954 1467 pro·
1018 1443 1019 1454 .

153 1475 218 1525 nior
233 1491 298 1527 sane
315 1475 351 1526 ad
365 1474 394 1525 id
408 1491 493 1542 genus
508 1474 632 1525 libidinis
647 1480 675 1526 et
687 1480 787 1525 natura
804 1480 831 1524 ct
850 1479 953 1528 aetate.

156 1549 247 1611 Quare
257 1549 400 1602 Parrhasii
414 1566 523 1618 quoque
538 1549 674 1613 tabulam,
694 1550 724 1599 in
739 1564 793 1615 qua
807 1549 952 1616 Meleagro

154 1626 283 1676 Atalanta
297 1641 345 1676 ore
360 1626 555 1692 morigeratur,
576 1624 695 1694 legatam
711 1624 766 1674 sibi
785 1624 836 1674 sub
857 1624 953 1674 condi·
1018 1665 1019 1672 ,

153 1701 243 1762 tione,
263 1706 305 1763 ut,
327 1700 352 1749 si
363 1705 521 1766 argumento
534 1698 731 1763 offenderetur,
752 1698 845 1749 decies
856 1714 906 1766 pro
918 1715 953 1749 ea

154 1775 308 1825 sestertium
320 1775 470 1840 acciperet,
489 1791 546 1827 non
560 1773 643 1825 niodo
660 1773 804 1841 praetulit,
826 1773 875 1825 sed
886 1775 952 1824 etin

155 1849 281 1900 cubiculo
307 1849 453 1902 dedicavit.
491 1850 590 1902 Fertur
615 1849 697 1901 etiam
717 1850 746 1900 in
767 1848 952 1900 sacrificando
1018 1915 1019 1918 Ἴ

155 1925 301 1992 quondam,
308 1931 404 1993 captus
413 1925 486 1978 faeie
496 1925 615 1977 ministri
626 1939 747 1975 acerram
758 1923 951 1990 praeferentis,

153 2001 281 2066 nequisse
292 2002 438 2066 abstinere,
451 2002 524 2069 quin,
531 2016 617 2066 paene
627 1999 738 2049 vixdum
749 2015 778 2049 rc
790 1999 951 2066 divinaper-

155 2082 225 2140 aeta,
236 2077 339 2128 ibidem
350 2078 444 2129 statim
454 2076 596 2127 seductum
607 2079 806 2140 constupraret,
814 2074 952 2140 simulque

153 2148 266 2201 fratrem
285 2152 344 2204 eius
363 2152 517 2212 tibicinem3
543 2155 624 2215 atque
643 2150 754 2221 utrique
774 2163 853 2214 mox,
875 2149 950 2216 qnod

154 2229 248 2275 mutuo
260 2224 395 2292 flagitirnn
405 2224 617 2292 exprobrabant,
630 2240 711 2276 crura
720 2223 845 2290 fregisse.

210 2297 296 2350 XLV.
315 2300 491 2350 Feminarum
502 2315 619 2368 quoque,
631 2299 778 2365 etquidem
788 2299 951 2363 illustrium,

154 2375 291 2441 capitibus
302 2382 469 2442 quantopere
480 2375 579 2426 solitus
590 2375 627 2425 sit
635 2374 766 2438 illudere,
778 2375 952 2426 evidentissi-
1018 2429 1019 2436 χ

153 2466 196 2501 me
212 2451 341 2519 apparuit
352 2450 505 2503 Malloniae
519 2450 663 2502 cuiusdam
677 2451 765 2500 exitu:
787 2465 870 2516 quam
890 2464 952 2516 per·
1018 2501 1019 2521 ,

154 2525 277 2591 drictam,
297 2543 348 2579 neo
363 2527 510 2594 quicquam
525 2526 641 2594 amplius
656 2524 717 2592 pati
727 2526 953 2577 constantissime
1018 2523 1019 2580 l

154 2609 334 2667 recusantem,
346 2601 516 2654 delatoribus
528 2601 643 2654 obiecit:
665 2615 828 2652 nouercam
839 2601 953 2670 quidem

153 2675 328 2745 interpellare
339 2679 434 2743 desiit,
446 2677 539 2745 ecquid
543 2676 691 2746 poeniteret
693 2693 706 2738 ;
726 2675 815 2730 donec
825 2693 873 2742 ea,
887 2675 954 2728 r'eli-

155 2756 199 2802 cto
210 2753 314 2804 iudicio
320 2792 329 2818 ,
351 2755 460 2806 domum
472 2771 500 2806 se
512 2753 645 2820 abripuit,
666 2751 794 2818 ferroque
804 2753 954 2822 transegit,
