2026 3020
124 219 142 274 8
400 226 428 270 C.
455 224 642 272 SUETONH

125 350 228 413 herent,
241 348 363 400 dimissis
374 348 519 402 lictoribus
530 349 691 416 abiectoque
702 352 857 416 praetexta,
872 347 924 400 de-

125 439 198 474 mum
210 424 281 475 clam
291 423 405 490 refugit,
417 440 468 491 pre
480 424 638 479 conditione
649 429 802 490 temporum
813 424 924 490 quietu-

123 515 180 550 rus.
219 497 424 550 Multitudinem
445 515 568 566 queque,
588 498 674 549 biduo
694 503 759 565 pest
778 503 877 565 sponte
894 507 924 550 et

123 573 197 626 ultre
215 573 409 638 confluentem,
432 589 598 641 operamque
613 573 706 624 sibiin
718 571 866 634 asserenda
878 573 921 623 di-

123 650 227 715 gnitate
239 649 436 701 tumultuosius
446 649 631 715 pollicentem,
639 649 816 715 eempescuit.
835 648 920 708 Quod

123 739 205 791 quum
217 731 326 791 praeter
337 724 496 790 epinienem
507 723 655 787 evenisset,
667 728 792 786 senatus,
805 724 841 774 eb
852 738 919 774 eun-

123 798 183 849 dem
195 804 303 850 coetum
314 797 445 850 festinato
458 804 585 862 coaetus,
601 798 706 865 gratias
718 798 745 848 ei
754 813 804 864 per
813 798 919 864 prime·

120 889 165 924 res
175 873 251 925 vires
263 875 332 941 egit,
355 875 527 941 accitumque
542 874 571 924 in
583 874 686 924 curiam
699 878 727 924 et
737 872 919 939 amplissimis

119 948 212 1000 verbis
233 949 419 1000 collaudatum
440 947 469 998 in
489 949 626 1016 integrum
645 947 779 1012 restituit,
800 947 918 999 inducte

121 1024 214 1090 priore
225 1023 345 1076 decreto.
728 1061 732 1070 ,

175 1097 263 1150 xvss.
282 1099 391 1150 Recidit
411 1114 505 1150 rsusus
524 1099 554 1148 in
570 1097 717 1148 discrimen
733 1095 822 1160 aliud,
843 1097 919 1148 inter

119 1173 213 1225 socios
225 1172 361 1224 Catilinae
371 1174 538 1235 nominatus,
551 1179 578 1223 et
589 1172 662 1239 apud
671 1171 790 1222 Novium
797 1171 917 1238 Nigrum

120 1253 294 1314 quaestorem
305 1263 321 1298 a
331 1246 365 1297 L.
376 1245 471 1298 Vettio
482 1247 588 1309 iudice,
601 1247 666 1297 etin
677 1253 776 1296 senatu
786 1262 802 1296 a
815 1245 848 1306 Q.
861 1247 914 1296 Cn-

118 1324 176 1372 rie:
197 1323 255 1385 eui,
272 1320 347 1389 qued
362 1322 467 1388 primus
483 1321 601 1372 consilia
617 1321 823 1372 coniuratorum
840 1321 914 1372 dete-

117 1403 210 1460 xerat,
237 1397 388 1447 constitute
412 1402 490 1446 erant
509 1396 619 1462 publice
641 1395 772 1462 praemia.
812 1396 913 1447 Curius

119 1471 228 1538 quidem
249 1471 401 1522 eCatiline
421 1487 450 1520 se
471 1471 633 1537 cognovisse
654 1469 777 1521 dicebat:
801 1469 914 1522 Vettius

118 1547 201 1596 etiam
213 1543 425 1613 chirographum
441 1545 514 1609 eius,
531 1545 668 1595 Catilinae
678 1545 771 1596 datsnn
778 1583 786 1610 ,
798 1545 913 1612 pellice

117 1621 208 1672 batur.
246 1621 277 1670 ld
287 1636 352 1671 vere
366 1620 468 1671 Cacsar
478 1619 554 1671 nullo
571 1619 654 1672 mode
670 1621 843 1670 tolerandum
856 1621 900 1672 ex'

117 1697 246 1758 stinsanS,
273 1711 368 1760 quum,
394 1694 543 1760 implorate
571 1695 711 1746 Ciceronis
742 1695 913 1769 testimonie,

119 1769 253 1837 quaedam
270 1785 298 1820 se
314 1770 347 1819 de
363 1769 554 1821 coniuratione
569 1769 643 1820 ultre
660 1769 695 1819 ad
707 1785 768 1820 eum
779 1771 914 1821 detulisse

118 1844 272 1908 derisisset,
289 1861 322 1894 ne
334 1843 417 1894 Curio
429 1844 552 1910 praemia
563 1844 704 1908 darentur,
717 1843 821 1894 effecit:
846 1844 913 1895 Vet-

116 1922 194 1984 tium,
206 1919 368 1986 pignoribus
384 1919 473 1987 captis
489 1925 516 1970 et
531 1920 639 1986 direpta
654 1918 824 1986 supellectile
840 1919 913 1970 male

116 1995 280 2059 mulcatum,
297 2011 330 2045 ac
340 2009 389 2062 pro
401 1995 499 2045 restris
514 1995 542 2044 in
559 1995 691 2045 concione
707 2009 792 2060 paene
810 1994 913 2048 discer-

116 2077 206 2137 ptum,
228 2070 346 2122 coniecit
360 2071 389 2120 in
405 2085 554 2121 earcerenn
581 2068 676 2118 eodem
692 2067 811 2119 Novium
828 2084 913 2136 quae-

117 2151 232 2207 storem,
254 2145 328 2211 qued
344 2143 505 2210 compellari
521 2142 593 2210 apud
605 2159 634 2193 se
644 2143 776 2194 maiorem
788 2149 913 2210 potesta·

116 2226 171 2268 tem
180 2233 278 2284 passus
290 2223 370 2269 esset.
538 2243 552 2254 ·

153 2291 252 2343 XVlll.
277 2292 320 2342 Ex
339 2297 470 2359 praetrua
487 2291 652 2352 ¹ulteriorem
672 2293 787 2345 sortitus
806 2293 912 2360 llispa-

115 2368 204 2432 niam,
230 2368 377 2418 retinentes
402 2368 552 2418 creditores
571 2369 725 2420 interventu
744 2384 911 2436 sponsorum

116 2444 247 2506 removit;
268 2458 301 2493 ae
310 2457 397 2509 neque
407 2457 483 2494 more
493 2459 580 2510 neque
596 2443 669 2506 iure,
687 2449 831 2510 antequam
846 2459 911 2510 pro-

115 2518 224 2570 vinciae
235 2523 406 2580 ornarentur,
417 2516 557 2584 profectus
567 2525 622 2582 est3
641 2518 789 2582 incertum,
801 2525 913 2569 metune

115 2592 228 2657 iudicii,
250 2593 324 2662 qued
335 2592 443 2660 private
454 2593 617 2658 parabatur,
640 2609 688 2656 an,
709 2609 763 2660 que
775 2594 913 2644 maturius

116 2668 201 2717 sociis
220 2668 434 2735 implorantibus
458 2668 623 2721 subveniret.
662 2667 820 2735 Pacataque
845 2684 913 2736 pre·

115 2741 215 2808 vincia,
226 2744 288 2810 pari
297 2742 488 2810 festinatione,
504 2759 559 2795 nen
570 2748 728 2814 exspectate
740 2758 912 2810 successere,
