2036 3022
118 231 167 287 3⁰8
394 237 420 282 C.
444 234 635 283 SUE'l'ONll

118 361 188 413 simo
210 375 319 430 quoque
338 357 498 413 Italicorum
520 376 552 412 ao
572 355 784 427 provincialium
806 355 916 412 allecto.

92 437 95 445 '
118 438 219 506 Atque,
239 435 283 486 uti
291 441 387 486 notum
398 442 482 502 esset,
502 441 647 505 utrumqne
658 434 783 486 ordinem
792 450 852 486 non
861 440 918 486 tam

119 512 247 563 libertate
256 511 328 562 inter
337 526 379 574 se,
400 527 482 579 qnam
493 511 626 579 dignitate
637 509 762 573 differre,
779 509 814 562 de
825 511 919 578 iurgio

120 585 240 655 quodam
250 587 387 638 senatoris
402 587 557 661 equitisque
566 585 685 638 Romani
698 585 740 636 ita
749 586 919 652 pronuncia-

118 663 171 713 vit:
192 659 696 729 Nonoporteresnaleds'es'sesatoribus,
717 659 874 713 renmlediei
883 658 920 711 es·-

119 735 271 806 eilesnrque
283 751 344 786 esse.

176 809 210 860 X.
231 809 335 862 Litium
347 811 432 864 series
442 812 545 879 ubique
555 812 688 864 maiorem
703 811 733 862 in
746 811 864 862 modum
875 825 920 862 ex-

121 890 274 950 creverant,
289 887 461 938 manentibus
473 887 606 957 antiquis,
621 886 828 954 intercapedine
838 887 920 942 inris-

116 961 263 1026 dictionis,
279 962 472 1014 accedentibus
481 963 561 1014 novis
572 977 605 1014 ex
616 961 776 1014 conditione
785 961 920 1012 tumultu·

121 1053 173 1104 que
183 1042 347 1104 temporum.
386 1035 467 1090 Sorte
482 1037 578 1106 elegit,
599 1053 648 1105 per
663 1051 732 1104 quos
747 1043 832 1104 rapta
846 1036 919 1088 bello

120 1112 341 1176 restituerentur,
357 1113 458 1183 quique
468 1112 574 1163 iudicia
585 1111 808 1175 centumviralis,
820 1112 921 1180 quibus

120 1186 284 1254 peragendis
298 1187 345 1238 vix
360 1185 510 1240 suffectura
523 1187 694 1254 litigatorum
710 1191 788 1238 aetas
808 1186 922 1238 videba-

119 1268 178 1325 tur,
200 1267 278 1314 extra
297 1261 421 1314 ordinem
441 1262 638 1327 diiudicarent,
658 1261 871 1331 redigerentque
887 1259 921 1312 ad

120 1335 312 1388 brevissimum
322 1353 473 1390 numerum.

176 1411 225 1462 Xl.
245 1410 348 1464 Libido
364 1419 447 1482 atque
460 1413 572 1464 luxuria
587 1414 729 1464 coercente
743 1411 823 1463 nullo
843 1412 921 1464 inra-

120 1487 219 1538 luerat.
257 1487 361 1539 Auctor
370 1487 479 1540 senatui
488 1487 542 1538 fuit
551 1487 728 1551 decernendi,
748 1493 791 1552 ut,
810 1503 921 1555 quaese

122 1561 212 1613 allero
224 1577 302 1613 servo
313 1563 460 1628 iunxisset,
478 1562 581 1614 ancilla
590 1561 749 1626 habetatum
769 1579 838 1616 neve
849 1563 922 1614 lilio·

120 1652 181 1687 rum
198 1633 367 1688 familiarum
385 1632 588 1690 feneratoribus
608 1638 737 1706 exigendi
757 1637 859 1690 crediti
877 1639 921 1690 ins

122 1725 242 1778 unquam
253 1717 334 1775 esset,
350 1711 404 1764 hoc
414 1719 468 1776 est,
488 1729 522 1765 ne
532 1719 597 1780 post
606 1718 715 1781 patruum
726 1713 837 1781 quidem
848 1729 921 1765 mor-

120 1791 185 1836 tem.
225 1785 329 1838 Ceteris
343 1787 372 1838 in
387 1788 469 1840 rebus
484 1789 578 1840 statim
593 1789 628 1840 ab
646 1789 729 1840 initio
748 1789 922 1856 principatus

121 1875 209 1928 usque
221 1860 255 1913 ad
268 1861 371 1914 exitum
382 1863 472 1915 civilis
483 1870 510 1916 et
520 1864 647 1916 clemens.

177 1936 239 1988 Xll.
258 1937 481 1991 Mediocritatem
495 1939 640 2013 pristinam
654 1955 743 2006 neque
764 1938 922 1992 dissimula·

120 2011 162 2062 vit
171 2027 301 2081 unquam,
313 2029 347 2064 ac
356 2011 513 2082 frequenter
522 2013 605 2066 etiam
615 2029 682 2081 prae
692 2029 721 2066 se
731 2014 806 2066 tulit.
847 2014 922 2076 Quin

122 2092 151 2137 et
161 2092 292 2139 conantes
302 2089 438 2154 quosdam
449 2089 583 2156 originem
588 2087 680 2140 Flavii
689 2090 797 2158 generis
809 2090 845 2140 ad
857 2105 921 2142 oon-

124 2161 227 2212 ditorer
238 2162 380 2226 Reatinos,
393 2165 574 2232 comitemque
585 2163 723 2230 Herculis,
735 2166 814 2216 ouius
824 2179 921 2216 monu-
991 2175 992 2181 ’

122 2242 242 2286 mentum
262 2242 353 2289 exstat
371 2239 424 2288 via
438 2237 560 2302 Salaria,
586 2238 702 2305 referre,
726 2241 815 2291 irrisit
833 2239 920 2292 ultro.
990 2273 991 2282 κ

122 2309 253 2378 Adeoque
263 2309 334 2362 nihil
344 2319 565 2366 omamentorum
582 2315 752 2368 extrinsecus
764 2315 863 2382 cupide
874 2330 922 2383 ap·
989 2367 990 2378 2

122 2385 232 2450 petivit,
247 2393 278 2438 ut
287 2385 421 2455 triumphi
430 2388 487 2451 die,
503 2386 636 2455 fatigatis
646 2391 778 2442 tarditate
788 2396 816 2442 et
825 2390 921 2441 taedio
989 2381 990 2392 ¹

123 2473 253 2527 pompae,
274 2477 330 2512 non
340 2463 494 2526 reticuerit,
515 2461 609 2514 merito
619 2480 646 2516 se
652 2465 746 2532 plecti,
768 2464 814 2534 qui
827 2463 921 2516 trium

123 2530 216 2595 piam,
229 2534 306 2600 quari
315 2545 363 2587 aut
373 2536 487 2588 debimm
497 2535 641 2592 maioribus
651 2539 718 2603 suis,
731 2550 780 2594 act
788 2549 921 2608 mactum

124 2619 240 2670 numam
250 2611 308 2673 ridi,
321 2619 375 2662 tam
385 2611 472 2680 inepte
482 2627 560 2666 senex
570 2614 740 2684 concupisset.
779 2616 922 2668 Acuetri·

124 2675 264 2731 baniciam
280 2683 390 2749 quidem
403 2691 583 2754 potestatem,
605 2696 633 2742 et
643 2689 735 2742 Patris
751 2691 860 2760 patriae
875 2707 922 2759 ap·

125 2749 301 2832 pellatiqnem
313 2757 367 2809 uisi
381 2775 443 2813 sero
458 2763 571 2832 recepit.
610 2763 682 2820 Nam
698 2767 923 2822 consuetudinem
