2050 3034
307 225 498 304 uiuamus.
536 253 613 303 cne.
633 257 748 305 ³1-as.
877 255 927 306 133

124 379 201 450 pius,
214 389 242 434 et
252 382 289 433 ad
298 383 433 436 utilitates
443 381 570 451 publicas
579 382 748 449 proniorem.
787 381 826 432 Ac
836 383 925 449 primo

123 463 242 510 eatenus
251 459 460 524 interveniebat,
471 474 505 510 ne
517 457 583 526 quid
593 472 737 525 perperam
748 456 833 509 lieret.
872 457 927 508 lta·

124 549 181 604 que
202 539 230 585 et
248 535 461 586 constitutiones
476 533 609 602 quasdam
624 537 736 584 senatus
750 531 877 596 rescidit,
899 538 927 583 et

122 609 336 676 magistratibus
350 625 401 677 pro
415 608 549 660 tribunali
564 609 793 676 cognoscentibus
807 607 925 674 plerum·
1010 641 1013 654 ,

124 699 181 752 que
192 699 222 736 se
233 682 369 736 offerebat
383 684 585 748 consiliarium,
607 683 801 752 assidebatque
816 682 923 746 iuxtim,

124 758 172 809 vel
185 773 220 810 ex
235 758 351 811 adverso
365 759 395 810 in
409 765 487 827 parte
501 759 629 828 primori;
650 765 678 810 et
688 759 713 810 si
723 774 803 827 quem
814 773 925 810 reorum

125 833 202 884 elabi
211 834 303 901 gratia
313 849 409 886 rumor
419 840 503 898 esset,
518 834 625 884 subitus
641 834 749 898 aderat,
764 833 924 902 iudicesque

126 914 201 960 aute
212 909 310 976 plano,
322 915 371 960 aut
381 925 396 961 e
407 909 573 976 quaesitoris
583 909 730 974 tribunali,
741 908 832 976 legum
843 916 871 960 et
880 924 922 960 re·

125 983 241 1050 ligionis
253 989 280 1036 at
289 999 392 1048 noxae,
407 984 441 1036 de
452 999 507 1051 qua
518 989 727 1049 cognoscerent,
743 983 922 1035 admonebat:

125 1064 210 1124 atque
225 1059 348 1110 etiamsi
362 1074 416 1126 qua
431 1059 460 1109 in
474 1056 593 1126 publicis
608 1055 733 1109 moribus
748 1056 855 1108 desidia
876 1064 925 1108 aut

124 1133 200 1185 mala
211 1133 408 1185 consuetudine
418 1133 552 1197 labarent,
564 1131 728 1199 corrigenda
737 1133 867 1199 suscepit.

180 1206 310 1259 xxxiv,
330 1207 473 1260 Ludornm
488 1223 521 1259 ac
534 1221 676 1260 munerum
688 1207 827 1276 impensas
838 1207 924 1258 corri-

123 1283 194 1351 puit,
205 1282 377 1335 mercedibus
388 1283 560 1336 scenicorum
569 1283 674 1348 recisis,
686 1283 854 1351 paribusque
865 1281 923 1350 gla-

126 1358 267 1408 diatorum
277 1358 313 1409 ad
324 1363 427 1409 certum
440 1373 582 1410 numerum
595 1357 725 1410 redactis.
765 1357 923 1410 Corinthio-

124 1448 186 1483 rum
196 1447 326 1484 vasorum
336 1434 426 1499 pretia
435 1433 465 1483 in
474 1433 636 1484 immensum
650 1433 798 1499 exarsisse,
812 1441 924 1501 tresque

100 1555 107 1566 ,
127 1506 227 1572 mullo
232 1507 312 1560 XXX
322 1507 444 1560 millibus
453 1507 592 1559 nummrim
602 1509 717 1572 venisse,
728 1509 849 1574 graviter
860 1524 924 1559 con·

129 1588 253 1649 questus,
275 1580 459 1634 adhibendum
483 1582 649 1651 supellectili
672 1582 784 1634 modum
809 1583 923 1646 censuit,

127 1673 319 1724 annuumque
332 1657 454 1723 macelli,
475 1664 586 1710 senatus
606 1659 754 1723 arbitratu,
776 1651 924 1726 quotannis

124 1732 332 1800 temperandam
337 1748 344 1796 ;
365 1731 430 1785 dato
443 1733 579 1785 aedilibus
593 1735 721 1800 negotio,
741 1734 861 1801 popinas
875 1749 923 1800 ga-

125 1823 247 1875 neasque
256 1823 343 1875 usque
354 1823 386 1860 eo
396 1805 552 1872 inhibendi,
573 1813 605 1858 ut
617 1824 652 1860 nc
667 1824 752 1875 opera
763 1809 871 1875 quidem
881 1808 922 1874 pi-

126 1883 216 1934 storia
225 1883 346 1950 proponi
354 1882 464 1934 venalia
474 1882 604 1933 sinerent.
637 1881 674 1933 Et
683 1888 715 1933 ut
723 1881 923 1948 parcimoniam

125 1958 266 2026 publicam
276 1957 400 2026 exemplo
413 1957 522 2024 quo'que
531 1957 652 2022 iuvaret,
668 1954 848 2007 sollemnibus
862 1956 923 2022 ipsc

127 2033 221 2084 coenis
236 2033 364 2101 pridiana
379 2049 461 2101 saepe
476 2047 509 2086 ac
523 2045 629 2085 semesa
649 2031 767 2083 obsonia
784 2029 922 2098 apposuit,

126 2107 354 2174 dimidiatumque
369 2123 477 2175 aprum3
498 2107 637 2159 affirmans
653 2106 745 2158 omnia
759 2106 856 2159 eadem
875 2101 923 2156 ha·

126 2182 200 2246 bere,
212 2196 282 2249 quac
292 2188 391 2234 totum.
426 2182 597 2245 Quotidiana
608 2180 704 2234 oscula
713 2178 856 2250 prohibuit
866 2180 923 2233 edi·

128 2263 186 2308 cto:
205 2257 273 2309 item
283 2263 436 2310 strenarum
447 2257 648 2323 commercirun,
659 2273 694 2310 ne
703 2257 923 2309 ultraKalendas

126 2330 271 2384 lanuarias
281 2337 461 2384 exerceretur.
501 2333 655 2384 consuerat
664 2332 845 2400 quadruplam
856 2336 924 2380 stre-

127 2421 203 2471 nam,
219 2413 247 2458 et
257 2406 290 2459 de
300 2422 383 2459 manu
392 2405 519 2460 reddere:
539 2407 588 2458 sed
599 2406 733 2470 offensus,
752 2401 925 2472 interpellari

127 2496 157 2532 se
167 2487 228 2532 toto
239 2487 332 2535 mense
343 2483 378 2534 ab
388 2481 433 2546 iis,
441 2482 489 2548 qni
498 2487 663 2548 potestatem
675 2483 719 2532 sul
728 2480 773 2531 die
783 2479 854 2530 festo
865 2491 923 2529 non

126 2554 297 2622 habuissent,
307 2557 382 2608 ultra
391 2572 447 2608 non
457 2555 587 2608 reddidit.

181 2630 298 2684 XXXV.
317 2631 461 2684 Matronas
471 2635 628 2697 prostratae
641 2626 806 2693 pudicitiae,
822 2626 923 2694 quibus

128 2712 276 2759 accusator
284 2705 412 2775 publicus
423 2705 538 2767 deesset,
548 2708 581 2753 ut
589 2701 739 2769 propinqui
747 2716 825 2754 more
834 2701 922 2753 maio·

126 2797 189 2837 rum
202 2781 238 2835 dc
253 2782 392 2837 communi
405 2779 542 2836 sententia
557 2779 726 2842 coeroerent,
748 2783 845 2832 auctor
857 2775 922 2832 fuit·
