2026 3020
124 227 156 279 dd
407 231 433 277 G.
459 230 643 277 SUETONli

123 354 213 421 ducis,
236 371 317 424 quam
334 356 508 408 auctoritate.
547 353 611 406 Nou
625 355 697 408 enim
708 354 791 407 cessit
799 369 923 424 unquam

121 432 363 494 usmultuantibns,
376 438 458 498 atque
469 430 552 481 etiam
565 430 676 482 obviam
687 446 795 496 semper
804 430 846 482 iit.
886 430 924 482 Et

121 521 223 558 nonam
244 507 353 573 quidem
374 506 511 573 legionem
532 505 606 572 apud
625 503 809 570 Placentiam,
835 520 921 574 quan·
999 501 1000 572 l

122 597 204 670 quam
225 579 341 632 adhuc
333 596 361 631 ιιι
383 581 467 631 arnsis
482 579 630 647 Pompeius
649 585 732 646 esset,
753 586 842 632 totam
858 597 920 632 cum
999 593 1000 636 l

120 657 274 723 ignominia
294 656 406 707 missam
426 655 504 719 fecit,
527 671 674 724 aegreque,
696 661 760 722 post
775 656 876 708 multas
892 662 920 707 et

56 746 64 761 ¹
120 732 258 800 supplices
268 747 375 799 precer,
397 747 448 782 nec
457 731 512 782 nisi
523 736 621 782 exacta
632 731 666 782 de
677 731 803 782 sontibus
818 746 917 797 poena,
999 753 1000 806 ᾗ

118 807 247 858 restituit.

174 881 262 932 LXX.
282 880 459 933 Decumanos
470 887 561 933 autem
571 881 676 934 Romae
688 897 748 934 cum
759 882 918 948 ingentibus

119 957 210 1021 minis,
222 973 383 1025 summoque
394 957 564 1010 etiarnUrbis
575 956 708 1024 periculo,
720 957 920 1008 missionemet
969 983 972 987 ·
999 1005 1000 1012 ,

118 1033 243 1098 praemia
253 1031 422 1100 flagitantes,
435 1033 547 1084 ardente
557 1024 623 1083 tunc
632 1034 662 1082 in
672 1032 766 1083 Africa
775 1031 860 1096 bello,
871 1047 917 1083 ne·

119 1123 171 1173 que
193 1108 270 1160 adire
290 1114 434 1160 cisnetatus
454 1113 508 1172 est,
534 1122 691 1176 quanquam
717 1106 917 1159 deterrentibus
999 1105 1000 1118 ¹

121 1184 227 1248 amicis,
238 1198 326 1249 neque
337 1183 488 1234 dimittere:
509 1182 557 1234 sed
568 1197 623 1232 nna
634 1197 715 1246 voce,
731 1197 786 1250 qua
799 1181 917 1246 Quirites

118 1274 166 1309 eos
176 1273 227 1324 pro
239 1256 365 1309 militibus
376 1257 542 1326 appellarat,
557 1263 613 1307 tam
625 1256 708 1310 facile
719 1257 880 1324 circumegit
890 1262 917 1308 et

117 1332 206 1396 flexit,
222 1337 254 1383 ut
264 1333 302 1396 ei,
322 1331 417 1384 milites
428 1347 493 1394 esse,
511 1331 655 1384 confertim
667 1332 873 1401 responderint,
889 1338 916 1383 et

117 1407 243 1474 quamvis
254 1412 425 1459 recusantem
437 1407 510 1458 ultro
522 1407 551 1457 in
561 1406 683 1458 Africam
693 1408 863 1469 sinisecuti3
884 1423 916 1459 ac

117 1482 158 1532 sic
173 1497 283 1550 quoque
297 1482 539 1534 seditiosissimum
555 1497 688 1550 quemque
703 1485 731 1534 et
748 1482 869 1550 praedae
890 1488 916 1535 et

109 1557 178 1626 agri
190 1557 320 1610 destinati
330 1558 413 1609 tertia
424 1563 502 1625 parte
513 1557 648 1609 multavit.

172 1632 273 1684 nxxl.
294 1632 421 1684 Sardium
437 1638 464 1684 et
478 1631 546 1683 fides
561 1647 627 1700 erga
642 1633 754 1684 clientes
769 1649 802 1684 ne
823 1633 916 1685 iuveni

117 1707 227 1775 quidem
243 1706 396 1759 defuerunt.
435 1706 617 1772 Masintham,
638 1708 759 1760 nobilem
780 1709 915 1774 iuvenem,

117 1799 200 1850 quum
212 1782 343 1834 adversus
355 1783 543 1850 Hiempsalem
558 1797 649 1851 regem
664 1789 721 1835 tam
733 1783 811 1835 enixe
823 1783 914 1836 defen·

117 1859 214 1922 disset,
235 1864 268 1909 ut
277 1859 374 1923 lubae,
390 1859 463 1926 regis
474 1859 546 1922 lilio,
567 1859 596 1908 in
608 1858 789 1911 altercatione
799 1859 914 1910 barbam

115 1933 260 1998 invaserit,
286 1933 495 2002 stipendiarium
521 1949 631 2001 quoque
655 1934 869 2001 pronunciatum
889 1939 916 1986 et

117 2008 340 2062 abstrahentibus
355 2011 449 2061 statim
465 2009 567 2076 eripuit
581 2008 785 2076 occultauitque
801 2009 875 2077 apud
886 2025 915 2060 se

116 2085 178 2148 diu,
193 2090 221 2136 et
230 2101 308 2150 mox,
326 2101 359 2137 ex
370 2089 500 2152 praetura
510 2083 688 2150 proficiscens
698 2085 728 2135 iu
738 2083 915 2150 Hispaniam,

115 2160 188 2210 inter
198 2161 291 2211 oflicia
305 2159 529 2228 prosequentium
541 2157 685 2225 fascesque
696 2159 826 2212 lictorum
839 2159 915 2212 lecti·

117 2247 149 2283 ca
160 2249 210 2284 rua
223 2235 322 2286 avexit.

171 2308 284 2364 mxxii.
300 2310 499 2364 Amicostanta
510 2324 616 2377 semper
626 2307 762 2362 facilitate
772 2309 916 2378 indulgen·

115 2385 210 2453 tiaque
220 2386 363 2448 tractavit,
374 2391 406 2436 ut
417 2384 446 2436 0.
460 2385 563 2452 Oppio,
580 2385 725 2436 comitanti
735 2401 764 2436 se
774 2400 824 2452 per
834 2385 917 2438 silve-

116 2467 171 2512 stre
182 2461 246 2526 iter,
264 2465 449 2527 correptoque
459 2461 552 2512 subita
562 2459 733 2525 valetudine,
750 2465 777 2511 et
787 2460 916 2513 deverso-

115 2536 198 2599 riolo,
211 2535 284 2608 quod
295 2551 379 2587 sinum
390 2540 462 2599 erat,
476 2534 576 2604 [lecto]
590 2535 715 2599 cesserit,
731 2535 829 2602 etipse
840 2532 919 2587 humi

116 2625 149 2660 ac
159 2613 210 2662 sub
222 2613 285 2663 divo
298 2611 432 2663 cubuerit.
452 2611 510 2661 lam
522 2617 612 2662 asstcm
623 2624 713 2660 rerum
724 2615 823 2680 potens
833 2626 918 2678 quos-

116 2685 179 2735 dam
200 2688 282 2738 etiam
303 2688 392 2737 intimi
411 2687 518 2753 generis
539 2686 575 2737 ad
590 2683 776 2752 amplissimis
796 2683 918 2738 honores

13 2781 15 2783 ·
115 2762 250 2828 provexit.
292 2762 382 2825 (lesum
393 2763 429 2816 ob
439 2763 469 2815 id
480 2763 650 2832 culparetur,
662 2760 803 2828 professus
815 2767 858 2814 est
869 2777 917 2830 pa·
