2026 3020
109 232 142 284 il
385 239 413 284 G.
441 233 627 285 sennenn

109 359 196 412 Bruto
208 357 325 414 ir'menti
335 361 446 426 dixisse,
460 360 502 409 καὶ
512 357 550 417 oti,
561 359 649 408 τέκνον
653 378 661 420 ς
680 357 836 424 Exanimis,
853 357 907 411 dii-

109 434 277 502 fugientibus
289 439 407 501 cunctis‚
429 435 600 504 aliquamdiu
610 437 709 500 iacuit,
731 434 907 486 doneclecti·

109 525 157 560 cae
167 511 340 577 impositum,
357 511 524 577 dependente
534 508 663 574 brachio,
674 517 730 562 tres
741 509 844 563 servuli
856 509 905 560 do·

108 601 182 636 mum
192 585 351 636 retulerunt.
390 585 448 636 Nec
458 587 487 635 in
496 591 540 636 tot
549 585 716 650 vnbreribus,
726 591 758 636 ut
767 585 904 635 Antistius

110 660 231 710 rnedicus
242 660 432 725 existimabat,
443 661 525 711 letale
536 660 622 710 ullum
633 667 770 728 repertum
781 660 836 724 est',
848 660 904 709 nisi

109 735 184 800 quod
202 734 322 786 secrmdo
344 735 406 786 loco
428 735 456 785 in
476 740 595 801 pectore,
609 739 760 804 acceperat.
799 733 904 784 Fuerat

109 810 215 859 animus
227 809 392 872 coniuratis,
405 826 504 878 corpus
516 811 603 862 occisi
612 811 641 860 in
651 810 773 861 Tiberim
783 807 903 872 trahere,

108 883 181 932 bona
192 883 346 949 publicare,
363 891 427 935 aeta
436 885 605 936 rescindere:
625 884 673 936 sed
683 890 758 936 metu
767 883 807 934 M.
818 884 902 935 Anto·
935 880 938 884 ’

107 958 146 1006 nii
157 958 278 1008 consulis
289 965 316 1008 et
326 960 452 1026 magistri
462 961 585 1026 equitum
595 959 696 1025 Lepidi
706 959 878 1011 destiterunt.

163 1031 315 1084 LXXXlll.
336 1033 497 1086 Postulante
509 1048 573 1102 ergo
585 1034 619 1086 L.
631 1033 731 1086 Pisone
742 1048 850 1096 socero,
861 1039 902 1083 te-

107 1114 270 1160 stamentum
287 1110 345 1158 eius
361 1110 484 1176 aperitin
497 1111 682 1176 recitaturque
692 1110 720 1159 in
731 1109 844 1160 Antonii
854 1107 902 1158 do-

108 1198 167 1246 mo,
189 1183 263 1249 quod
274 1181 368 1233 idibus
379 1183 583 1250 Septembribus
598 1184 731 1251 proximis
745 1184 775 1233 in
785 1183 902 1234 Lauica-

108 1273 143 1308 no
155 1273 206 1308 suo
217 1257 328 1319 iecerat,
341 1257 606 1326 demandaueratque
616 1259 717 1325 virgini
725 1257 834 1310 Vestali
842 1273 901 1309 ana-

107 1333 208 1382 ximae.
247 1331 280 1392 Q.
293 1332 403 1383 'l'ubero
415 1332 514 1397 tradit,
535 1331 660 1385 heredem
672 1335 706 1384 ab
718 1349 750 1384 eo
762 1333 848 1384 scribi
858 1348 902 1382 so-

108 1406 200 1468 litum,
222 1421 255 1455 ex
271 1407 417 1458 consulatu
431 1408 518 1474 ipsius
535 1409 623 1475 prium
640 1424 725 1475 usque
742 1408 777 1458 ad
792 1408 902 1458 initium
972 1471 974 1475 .

109 1480 198 1530 civilis
217 1480 297 1544 belli,
319 1482 367 1532 Cn.
387 1481 563 1549 Pompeium3
593 1483 676 1550 idque
697 1482 830 1533 militibus
851 1497 902 1548 pro

109 1555 241 1606 concione
252 1556 405 1608 recitatum.
445 1557 499 1608 Sed
509 1558 660 1608 novissimo
671 1562 834 1608 testamento
846 1563 902 1607 tres

108 1630 228 1681 instituit
238 1628 363 1694 heredes,
385 1645 512 1684 sororum
523 1639 649 1698 nepotes,
671 1633 701 1683 C.
714 1632 858 1683 Octavium
869 1645 903 1682 ex

109 1705 252 1769 dodrante,
264 1711 291 1756 et
301 1705 334 1756 L.
346 1705 487 1756 Pinarium
498 1713 525 1757 et
536 1707 570 1768 Q.
581 1707 694 1760 Pedium
706 1723 740 1758 ex
751 1707 903 1774 quadrante

108 1779 230 1846 reliquo:
251 1780 281 1830 iu
295 1781 353 1830 ima
364 1797 427 1832 cera
439 1781 468 1832 C.
481 1781 624 1833 Octavium
635 1783 718 1834 etiam
728 1783 757 1832 in
767 1781 903 1833 familiam

108 1870 261 1921 nomenque
278 1854 434 1922 adoptavit:
456 1857 601 1926 pluresque
615 1873 806 1924 percussorum
821 1857 850 1907 in
862 1863 904 1906 tu-

109 1929 216 1980 toribus
228 1930 292 1994 lllii,
314 1931 409 1999 siquis
420 1933 475 1983 sibi
490 1939 661 1997 nasceretur,
680 1933 847 1984 nominavit:
868 1931 903 1982 D.

109 2004 224 2056 Brutum
236 2006 318 2057 etiam
334 2007 364 2057 in
379 2007 506 2058 secundis
522 2004 675 2058 heredibus.
715 2007 823 2073 Populo
840 2004 903 2056 hor-

109 2085 154 2129 tos
166 2081 239 2130 eirca
250 2081 376 2131 Tiberim
384 2082 507 2148 publice,
520 2087 546 2132 et
556 2082 658 2133 viritim
670 2089 795 2134 trecenos
805 2086 904 2132 sester-

108 2153 172 2216 tios,
184 2155 294 2219 legavit.

165 2227 317 2279 LXXXIV.
337 2229 443 2282 Funere
453 2230 571 2295 indicto,
593 2246 677 2298 rogus
693 2237 847 2283 exsturctus
864 2231 914 2282 est'

109 2303 137 2352 in
149 2302 251 2353 Martio
264 2304 382 2370 Campo,
398 2307 476 2356 iuxta
486 2306 573 2356 Iuliae
582 2307 729 2358 tuumlum:
750 2313 778 2358 et
792 2323 843 2373 pro
859 2323 904 2358 ro·

109 2378 174 2428 stris
186 2383 284 2428 aurata
294 2379 376 2430 aedes
388 2379 422 2430 ad
432 2381 609 2432 simulacrum
619 2381 715 2449 templi
725 2379 839 2434 Veneris
852 2381 904 2444 Ge-

109 2453 216 2505 nitricis
227 2453 378 2517 collocata3
398 2455 524 2523 intraque
534 2455 621 2508 lectus
632 2457 779 2520 eburneus,
792 2471 859 2507 auro
872 2472 906 2506 ac
922 2493 924 2498 -

109 2544 232 2596 purpura
242 2533 359 2594 stratus,
371 2530 443 2581 etad
456 2538 538 2598 caput
549 2538 691 2598 tropaeum
704 2547 764 2584 cum
773 2536 863 2595 veste,
875 2532 905 2580 in

110 2619 164 2669 qua
180 2603 270 2657 iuerat
290 2606 408 2658 occisus.
447 2605 669 2660 Praeferentibus
690 2623 815 2678 munera,
838 2607 905 2674 quia

109 2677 274 2731 suffecturus
285 2681 343 2732 dies
358 2697 414 2733 uon
428 2681 587 2747 videbatur,
607 2689 783 2751 praeceptum
799 2687 854 2745 est,
874 2687 906 2732 ut

110 2754 213 2806 omisso
225 2755 334 2822 ordine,
356 2757 455 2823 quihus
470 2759 586 2826 quisque
601 2756 684 2811 vellet
697 2758 843 2812 itineribus
854 2757 915 2810 Ur·'

794 2888 817 2908 Ἴ
