2044 3028
235 267 489 318 DOMITIANUS.
526 269 602 316 GAP.
622 270 736 316 10-13.
832 269 880 322 333

81 399 199 452 daretur
213 396 289 449 omni
303 395 396 446 modo.
434 394 515 446 Bona
527 393 652 446 vivorum
663 410 697 445 ac
710 399 881 447 mortuorum

81 485 292 544 usquequaque,
303 469 428 538 quolibet
438 476 465 521 et
476 474 636 520 accusatore
647 476 675 521 et
685 471 810 534 crimine,
822 486 880 524 cor-

81 549 266 616 ripiebantur.
306 544 380 596 Satis
395 550 467 608 erat,
484 545 570 596 obiici
581 543 767 613 qualecunque
778 545 882 597 factum

84 626 224 676 dictumve
236 621 372 673 adversus.
381 620 550 670 maiestatem
561 620 703 688 principis.
743 619 881 672 Confisca-

83 703 189 752 bantur
204 695 388 748 alienissimae
402 693 581 758 hereditates,
596 694 640 747 vel
654 696 801 748 exsistente
815 713 880 762 uuo,
918 726 920 732 f

86 775 137 843 qui
152 774 268 836 diceret,
288 771 398 822 audisse
414 785 443 820 se
458 784 491 821 ex
508 769 650 835 defuneto,
672 787 754 840 quum
768 773 880 836 viveret,

86 847 209 900 heredem
223 846 275 898 eibi
289 845 428 897 caesarem
442 861 503 897 ecee.
543 845 656 897 Praeter
671 853 776 900 ceteros
789 846 881 899 ludai-

88 941 136 978 cus
148 925 230 976 fiscus
242 921 417 974 acerbissime
428 926 505 972 actus
517 929 570 971 est:
586 921 621 972 ad
632 937 712 989 quem
723 922 881 974 defereban-

86 1008 146 1065 tur,
158 999 207 1066 qui
216 999 260 1049 vel
268 995 427 1064 inprofessi
439 995 580 1047 iudaicam
594 996 717 1047 viverent
730 999 828 1062 vitam,
839 999 882 1050 vel

21 1108 24 1113 -
87 1073 263 1126 dissimidata
275 1073 390 1138 ,origine
408 1071 541 1138 imposita
559 1071 634 1138 genti
647 1072 752 1123 tributa
765 1089 821 1123 non
836 1089 881 1140 pe-

11 1163 14 1170 '
86 1150 256 1220 pendissent.
294 1145 454 1200 interfuisse
464 1163 507 1197 me
518 1145 752 1198 adolescentulum
762 1149 881 1212 memini,

87 1241 172 1296 quum
189 1240 206 1275 a
220 1228 400 1289 procuratore
413 1220 690 1290 frequentissimoque
705 1223 822 1274 consilio
841 1224 882 1273 in-

86 1303 240 1370 spiceretur
252 1297 456 1364 nonagenarius
470 1311 564 1360 senex,
584 1311 619 1346 au
634 1298 827 1350 circumsectus
842 1314 882 1349 es·

7 1365 8 1392 ³
84 1382 138 1427 set.
187 1375 228 1424 Ab
248 1375 359 1424 iuventa
379 1371 489 1422 minime
510 1371 598 1422 civilis
620 1372 722 1437 animi,
744 1374 883 1426 conlidens
970 1376 974 1384 “

7 1485 8 1504 ;
88 1452 185 1513 etiam,
202 1456 229 1500 et
239 1455 321 1516 quum
336 1447 427 1498 verbis
441 1452 498 1497 tum
512 1445 594 1497 rebus
604 1447 777 1500 immodicus.
818 1450 883 1500 Cae·

7 1553 8 1558 =
86 1526 156 1590 nidi,
168 1525 255 1592 patris
266 1523 443 1586 concubinae,
449 1537 482 1574 ex
492 1521 601 1572 Histria
611 1538 743 1588 reversae,
750 1525 882 1588 osculum,

87 1607 119 1652 ut
130 1605 296 1662 assueverat,
310 1597 445 1660 offerenti,
456 1611 566 1648 manum
577 1598 712 1664 praebuit.
748 1593 888 1651 (alencium¹

7 1675 9 1738 l
86 1675 184 1728 fratris
198 1675 309 1740 indigne
319 1672 408 1724 ferens
420 1672 529 1723 albatos
539 1681 567 1723 et
579 1674 671 1739 ipsum
684 1669 826 1727 ministros
836 1672 884 1725 ha-

7 1739 9 1760 *
86 1754 165 1812 bere,
177 1749 376 1817 proclamavit:
399 1742 775 1815 Ouiudyatidvnoloeocquoiq.

145 1824 220 1876 Xlll.
241 1823 428 1889 Principatum
438 1837 504 1872 vero
516 1821 639 1886 adeptus,
651 1839 738 1890 neque
748 1826 777 1876 in
788 1832 885 1876 senatu

7 1901 8 1920 ³
87 1905 195 1954 iactare
216 1898 365 1961 dubitavit,
386 1905 414 1946 et
421 1895 499 1962 patri
510 1911 537 1946 ce
552 1895 677 1965 etfrctri
690 1897 828 1964 imperium
843 1901 884 1950 de-

7 2023 8 2028 ,
90 1977 180 2038 diere5
200 1975 257 2026 illoc
271 1973 323 2024 rite·
334 1971 495 2024 reddidisse:
513 1987 601 2038 neque
614 1972 643 2022 in
657 1971 813 2025 reducenda
823 1981 886 2041 post

7 2051 8 2078 ³
60 2107 66 2124 ·
90 2052 241 2103 divortium
254 2063 341 2100 lucre
357 2047 474 2110 edicere,
490 2055 638 2098 revocatam
654 2063 710 2098 eam
724 2047 886 2116 lapeleiam

89 2143 173 2178 ecum.
213 2124 368 2177 declamari
378 2124 460 2174 etiam
471 2123 500 2173 in
511 2120 711 2188 amphitheatro
724 2125 831 2191 epulari
841 2126 885 2178 die

89 2203 208 2256 libenter
226 2199 332 2250 audiit:
353 2196 456 2248 domiuo
476 2205 503 2248 et
521 2197 640 2249 dominae
652 2197 793 2268 feliciter!
831 2201 885 2253 Sed

89 2285 117 2330 et
138 2275 297 2344 Capitolino
323 2273 470 2324 certamine
491 2278 603 2324 cunctos
627 2273 732 2340 ingenti
752 2290 886 2328 concensu

89 2357 246 2421 precantes,
266 2354 299 2400 ut
311 2346 465 2398 Palfurium
480 2347 578 2400 Suram
591 2349 760 2411 restitueret,
777 2351 885 2418 pulsum

91 2429 159 2480 olim
169 2431 275 2488 senatu,
288 2439 320 2474 ac
329 2429 395 2474 tunc
405 2423 439 2473 de
451 2424 609 2474 oratoribus
620 2430 796 2489 coronatum,
808 2427 884 2478 nullo

89 2516 224 2571 responso
246 2500 386 2566 dignatus,
406 2503 498 2549 tacere
517 2500 709 2551 tantummodo
723 2500 805 2551 iussit
818 2517 886 2555 voce

89 2577 247 2647 praeconis.
286 2574 353 2625 Pari
373 2574 550 2639 arrogantia,
572 2591 655 2643 quum
675 2582 886 2643 procuratorum

91 2655 206 2706 suorum
224 2650 334 2702 nomine
354 2647 498 2700 formalem
519 2648 636 2702 dictaret
656 2649 820 2716 epistolam,
846 2653 887 2707 sic

91 2728 201 2796 coepit:
223 2723 340 2776 domiuus
351 2731 378 2776 et
387 2723 448 2773 deur
462 2731 550 2774 noster
564 2723 602 2776 ric
608 2723 677 2794 fieri
689 2724 769 2777 iubet.
808 2727 886 2782 Unde

42 2842 45 2847 -
90 2803 247 2858 institutum
258 2797 385 2868 posthac,
399 2805 473 2851 utne
484 2794 587 2869 scripto
599 2801 707 2870 quidem
719 2817 752 2854 ae
762 2819 886 2860 sermone
