2036 3022
265 179 379 228 nuno.
414 184 492 230 cnr.
511 184 625 229 20-22.
791 182 841 236 237
906 153 912 164 ’

43 321 103 358 mae
119 304 278 360 Neroneum
292 321 384 374 agona
399 312 461 359 ante
474 307 667 376 praestitutam
678 301 750 358 diem
763 321 841 362 revo-

43 383 127 434 carit.
167 380 426 451 Flagitantibusque
447 384 552 434 cunctis
573 380 718 434 coelestem
731 397 840 448 vocem,

42 456 190 526 respondit
204 457 328 525 quidem,
343 458 372 510 in
386 458 508 510 horrisae
522 456 625 526 copiam
639 455 784 508 volentibus
791 457 841 529 fa-

42 541 169 584 emtum:
189 531 237 583 sed
253 533 399 585 adiuvante
413 534 490 602 vulgi
508 548 602 602 preces
618 533 701 585 etiam
721 533 841 586 statione

42 608 175 671 militum,
192 622 261 674 quae
276 613 341 660 tuuc
351 610 518 674 excubabat,
534 613 801 677 repraesentaturum
812 625 840 660 se

42 682 188 750 pollicitus
204 688 246 734 est
259 682 365 746 libens3
391 701 424 734 ac
438 685 496 735 sine
510 700 589 736 mora
603 699 703 736 nornen
718 699 797 734 suum
810 685 839 734 in

43 759 107 810 albo
119 758 309 823 profitentium
320 757 542 812 citharoedorum
552 761 633 813 iussit
645 759 760 822 ascribi;
780 775 839 810 sor-

42 833 184 902 ticulaque
194 832 226 882 in
237 847 334 884 urnam
346 850 407 885 cum
419 835 515 884 ceteris
526 834 656 898 demissa,
671 834 785 886 intravit
796 850 838 887 or-

44 908 107 960 dine
117 922 184 972 suo,
195 907 331 977 simulque
341 907 475 974 praefecti
488 909 622 978 praetorii
637 907 770 960 citharam
780 926 838 960 sus-

42 983 174 1046 tinentes,
191 988 255 1050 post
273 984 378 1034 tribuni
396 984 527 1047 militum,
542 985 673 1049 iuxtaque
689 985 840 1034 amicorum

42 1058 143 1110 intimi.
183 1057 274 1127 thue
286 1059 421 1122 constitit,
437 1064 548 1126 peracto
565 1057 716 1124 principio,
731 1057 840 1110 Nioben

44 1149 73 1184 sc
88 1137 263 1186 cantaturum
276 1149 326 1200 per
340 1135 464 1188 Cluvium
480 1131 579 1184 Rufirm
596 1131 767 1184 consularem
777 1148 840 1203 pro·
913 1169 916 1176 .

43 1208 198 1272 nunciavit,
219 1209 289 1260 etin
303 1208 399 1261 horam
418 1209 475 1261 fere
490 1209 623 1260 decimam
638 1209 840 1275 perseveravit:
867 1255 869 1260 .

43 1298 231 1350 coronamque
247 1299 308 1335 eam
326 1290 353 1336 et
367 1284 503 1352 reliquam
518 1283 673 1335 certaminis
688 1281 795 1350 partem
810 1283 839 1334 in

43 1361 144 1412 anunm
160 1364 318 1426 sequentem
333 1359 453 1424 distulit,
469 1366 501 1410 ut
510 1359 621 1426 saepius
633 1358 749 1410 canendi
760 1373 838 1410 occa-

40 1437 83 1486 sio
99 1440 182 1487 esset.
227 1433 309 1495 Quod
326 1450 408 1503 quum
422 1435 531 1486 tardum
546 1434 697 1498 videretur,
711 1449 768 1486 non
783 1451 838 1486 ces·

41 1510 115 1562 sarit
127 1507 278 1560 identidem
293 1525 324 1562 se
337 1510 487 1576 publicare.
526 1507 551 1560 N
554 1525 590 1560 on
605 1509 741 1562 dubitavit
755 1511 837 1560 etiam

40 1587 68 1636 in
89 1584 208 1654 privatis
227 1585 391 1652 spectaculis
412 1600 523 1653 operam
537 1585 610 1636 inter
624 1585 747 1636 scenicos
763 1585 837 1647 dare,

41 1659 164 1728 quodam
173 1665 332 1726 praetorum
343 1660 497 1711 sestertium
509 1660 598 1712 decies
609 1658 748 1712 offerente.
769 1660 838 1710 Tra-

40 1735 158 1802 goedias
173 1749 282 1802 qnoque
302 1735 423 1786 cantavit
442 1740 618 1801 personatus,
639 1733 753 1786 heroum
773 1735 837 1787 deo-

40 1825 170 1880 rumque,
190 1809 256 1860 item
270 1807 414 1862 heroidum
428 1824 461 1860 ac
476 1809 588 1866 dearum
604 1811 729 1876 personis
740 1810 837 1862 effictis

41 1886 75 1936 ad
86 1883 298 1936 similitudinem
310 1885 366 1936 oris
377 1885 421 1936 sui
431 1890 459 1935 et
467 1883 598 1946 feminae,
609 1888 692 1950 prout
702 1899 837 1950 quamque

41 1960 178 2028 diligeret.
221 1958 294 2012 Inter
309 1960 400 2012 cetera
415 1959 537 2010 cantavit
552 1957 674 2009 Canacen
683 1957 836 2024 parturien-

41 2045 110 2098 tem,
135 2031 248 2086 Oresten
267 2032 453 2096 matricidam,
476 2031 634 2100 Oedipodem
654 2039 834 2096 excaecatum,

38 2109 182 2162 Herculem
192 2108 321 2162 insertum.
355 2109 387 2160 ln
398 2126 452 2177 qua
461 2109 558 2162 fabula
567 2108 643 2160 fama
653 2113 702 2172 est,
714 2108 835 2159 tiruncu-

39 2185 94 2236 lum
114 2185 245 2248 militem,
265 2185 386 2253 positum
407 2185 442 2236 ad
458 2184 612 2236 custodiam
627 2183 731 2248 aditus,
753 2199 835 2252 quum

39 2276 99 2312 eum
122 2261 220 2312 ornari
239 2275 272 2311 ac
291 2260 392 2312 vinciri
411 2261 532 2323 catenis,
554 2260 626 2310 sicut
646 2264 835 2326 argumentum

39 2335 214 2402 postulabat,
226 2335 343 2400 videret,
357 2335 508 2386 accurrisse
522 2334 650 2386 ferendae
662 2334 723 2402 opis
734 2335 833 2401 gratia.

94 2410 185 2464 XXII.
205 2409 347 2477 Equorum
362 2409 454 2460 studio
465 2409 509 2460 vel
522 2409 668 2476 praecipue
680 2409 713 2474 ab
724 2410 834 2459 ineunte

40 2492 131 2538 aetate
146 2485 286 2552 flagravit,
301 2485 487 2553 plurimusque
502 2483 545 2534 illi
559 2499 661 2546 sermo,
678 2497 834 2552 quanquam

37 2566 191 2624 vetaretur,
207 2561 241 2611 de
252 2561 427 2613 Circensibus
438 2564 497 2609 erat
508 2576 514 2608 τ
530 2564 557 2610 et
567 2557 704 2626 quondam
715 2563 834 2607 tractum

37 2637 181 2704 prasinum
206 2635 369 2702 agitatorem
389 2636 460 2686 inter
481 2631 685 2699 condiscipulos
705 2647 832 2699 querens,

38 2713 204 2782 obiurgante
218 2711 394 2782 paedagogo,
412 2709 444 2764 de
455 2708 575 2761 Hectore
590 2723 618 2760 se
634 2705 712 2776 loqui
722 2706 833 2760 ementi·
