2036 3022
150 223 201 274 zob
428 223 455 268 G.
479 221 668 269 SUETONll

148 351 209 404 iore
220 347 366 413 dedecore,
386 346 517 399 innoxim
531 345 589 398 fere
603 345 717 414 reperit3
738 346 955 418 quibuscunque

149 425 316 478 coelibatum
337 427 385 475 aut
405 421 551 474 orbitatem
572 428 620 473 aut
635 427 788 489 'egestatem
804 425 953 488 obiiceret,

149 502 278 564 maritos,
294 505 401 567 patres,
417 497 563 566 opulentos
577 511 607 548 se
620 497 816 564 probantibus;
839 515 875 551 eo
893 501 952 569 qui-
1004 551 1005 580 ,

150 576 223 640 (lem,
245 575 293 642 qui
303 574 414 624 sibimet
423 573 477 636 vim
488 571 562 624 ferro
572 572 698 623 intulisse
710 574 897 640 arguebatur,
919 573 951 624 il·
1004 589 1005 628 l

150 652 252 702 laesum
269 661 368 716 corpus
382 653 457 698 veste
472 647 600 715 deposita
620 651 783 698 ostentante.
823 647 951 700 Fuerunt
1004 645 1005 702 ἶ

149 732 176 776 ot
190 725 240 775 illa
253 725 282 774 ln
298 719 413 774 censura
427 721 486 772 eius
500 721 648 787 notabilia,
670 722 744 790 qnod
760 723 891 774 essedum
908 741 949 774 ar·
1004 723 1005 758 ἓ

148 805 287 866 genteum,
303 803 462 865 sumptuose
472 796 651 861 fabricatum,
663 813 696 848 ac
705 797 803 850 venale
815 797 852 848 ad
864 798 949 866 Sigil-

147 875 232 937 laria,
248 872 349 924 redimi
359 872 522 940 concidique
533 887 625 923 coram
635 872 793 941 imperavit3
815 873 949 941 quodque
1004 893 1005 898 ¹

146 964 202 999 uno
215 947 259 1000 dle
268 948 369 1016 viginti
379 947 470 998 edicta
480 946 633 1015 proposuit,
639 947 712 998 inter
722 962 792 1014 quae
803 948 871 1014 duo,
880 966 948 1018 quo·
1004 983 1005 988 ,

147 1039 206 1075 rum
228 1023 315 1076 altero
332 1022 509 1086 admonebat,
530 1021 651 1073 eteberi
663 1019 798 1073 uncorum
812 1033 947 1090 proventu
1004 1037 1005 1074 1

149 1099 210 1150 bene
221 1097 290 1150 dolio
296 1098 464 1166 plicarentur,
478 1096 579 1161 altero,
590 1095 660 1148 nibil
667 1095 851 1169 eequefocere
862 1099 902 1150 od
909 1099 946 1150 ci·
1004 1095 1005 1106 ¹

143 1191 224 1242 perae
234 1187 357 1235 morsum,
370 1189 448 1240 quam
460 1171 518 1222 taxi
527 1171 629 1223 arboris
638 1188 752 1224 suetum.

201 1247 289 1300 XVII.
299 1247 509 1317 Expeditionem
520 1263 603 1297 unam
615 1249 726 1299 omnino
733 1249 863 1318 suscepit,
872 1262 945 1300 eam·

148 1339 200 1392 que
210 1324 357 1375 modicam.
398 1323 499 1386 Quunr,
521 1321 637 1374 decretis
653 1323 708 1374 sibi
722 1339 739 1374 a
754 1329 852 1374 senatu
863 1339 944 1376 orna-

146 1399 245 1449 mentis
254 1395 480 1466 triumphalibus,
500 1396 630 1449 leviorem
645 1399 786 1449 maiestati
794 1399 945 1468 principali

146 1472 256 1524 titulum
268 1472 460 1537 arbitraretur,
480 1472 615 1540 velletque
629 1473 697 1524 iusti
706 1471 840 1542 triumphi
851 1473 943 1538 decus,

145 1548 218 1600 unde
230 1547 395 1614 acquireret,
409 1547 582 1598 Britanniam
593 1548 768 1616 potissimum
778 1547 877 1616 elegit,
899 1565 943 1601 ne-

148 1639 200 1691 que
210 1628 343 1674 tentatam
353 1620 405 1672 ulli
414 1628 479 1688 post
488 1621 588 1672 Divum
599 1623 713 1689 lulium,
729 1629 757 1674 ot
765 1629 832 1675 tarne
841 1625 943 1675 tumul-

145 1703 266 1749 tuantem
279 1697 314 1747 ob
326 1712 381 1748 non
391 1695 515 1747 redditos
525 1697 693 1765 transfugas.
733 1698 796 1750 Huc
810 1700 941 1768 quum'ab

147 1771 226 1822 Ostia
235 1771 390 1838 navigaret,
411 1770 563 1823 vehementi
574 1773 665 1834 Clreio
681 1774 725 1824 bis
739 1789 825 1841 paene
837 1774 941 1826 demer-

146 1861 193 1897 sus
203 1851 252 1911 est,
263 1861 349 1914 prope
358 1845 515 1914 Liguriam,
536 1847 668 1916 iuxtaque
680 1845 851 1900 Stoechadas
865 1849 940 1901 insu-

55 1940 56 1943 *
145 1921 196 1972 las.
238 1921 329 1982 Quare
345 1937 362 1972 a
376 1921 504 1973 Massilia
520 1920 700 1974 Gesoriacum
713 1938 800 1990 usque
818 1924 940 1990 pedestri

144 1996 242 2048 itinere
254 1995 392 2062 confecto,
413 1996 476 2048 inde
491 1997 657 2048 transmisit:
679 2013 712 2048 ac
721 1997 849 2050 sineullo
861 2015 939 2067 proe-

143 2071 183 2123 lio
195 2078 243 2122 aut
252 2073 384 2140 sanguine
394 2073 468 2123 intra
477 2071 660 2140 paucissimos
675 2072 733 2124 dies
743 2079 821 2139 parte
831 2075 939 2126 insulae

143 2147 173 2195 in
194 2145 360 2198 deditionem
381 2151 502 2213 recepta,
524 2151 601 2197 sexto
623 2162 705 2216 quam
725 2147 867 2217 proiectus
882 2157 940 2201 erat

144 2233 235 2271 mense
244 2218 360 2271 Romam
370 2221 465 2284 rediit,
480 2219 712 2291 triumphauitque
722 2223 844 2274 maximo
857 2239 939 2293 appa-

143 2299 215 2346 ratu.
253 2295 294 2344 Ad
315 2296 392 2346 euius
412 2294 596 2362 spectaculum
617 2312 769 2349 commeare
789 2297 818 2348 in
838 2299 938 2350 Urbem
1004 2337 1005 2364 ,

143 2383 199 2420 non
208 2368 298 2420 solum
308 2370 481 2437 praesidibus
491 2371 694 2438 provinciarum
705 2372 938 2440 permisit,verum
1004 2373 1005 2394 ;

144 2445 227 2495 otiam
238 2445 377 2496 exsulibus
388 2445 565 2514 quibusdam3
577 2452 659 2516 atque
668 2449 740 2499 inter
749 2445 866 2500 hostilia
876 2464 938 2516 spo-

143 2517 183 2568 lia
192 2518 317 2571 navalem
329 2535 458 2572 coronam
469 2520 583 2588 fastigio
594 2519 738 2592 Palatinae
750 2522 849 2574 domus
859 2523 938 2575 iuxta

144 2591 258 2646 civicam
269 2595 337 2660 fixit,
348 2597 458 2648 traiecti
469 2602 496 2648 et
506 2597 586 2664 quasi
597 2596 695 2649 domiti
706 2598 810 2649 Oceani
819 2597 936 2667 insigne.

145 2664 258 2719 curum
280 2669 338 2721 eius
353 2671 514 2724 Messallina
532 2685 604 2724 uxor
625 2678 754 2743 carpento
775 2679 872 2726 secuta
886 2680 935 2728 est.

145 2735 234 2792 Secuti
247 2748 274 2794 et
283 2745 461 2812 triumphalia
472 2753 631 2800 ornamenta
640 2747 737 2802 eodem
747 2747 821 2803 bello
828 2749 923 2820 adepti
926 2766 936 2814 3
