2050 3034
315 221 513 270 CALIGULA.
551 224 620 268 GAP.
638 225 752 269 39-43.
883 224 933 275 183

132 345 271 415 dignitate
282 345 468 414 compluribus
479 345 568 411 cellis,
588 348 618 398 in
629 347 728 414 quibus
738 351 881 402 matronae
891 351 932 402 in·

131 422 272 491 genuique
283 427 399 486 starent,
419 423 495 474 misit
509 424 611 473 circum
625 421 689 472 foro
704 422 872 474 et'basilicas
881 441 930 476 no-

131 497 317 549 menclatores
332 497 368 546 ad
381 498 540 549 invitandos
556 497 591 547 ad
606 497 748 548 libidinem
763 497 875 550 iuvenes
889 517 930 551 se-

129 588 244 641 nesque,
256 572 382 640 praebita
393 572 599 624 advenientibus
610 573 727 638 pecunia
736 571 870 637 foenebri,
883 589 929 640 ap-

129 648 299 716 positisque,
322 648 369 714 qui
387 647 500 698 nomina
519 647 610 714 palam
632 649 824 712 subnotarent,
850 651 930 715 quasi

131 722 324 774 adiuuantium
336 722 462 772 Caesaris
472 721 586 773 reditus.
607 722 646 773 dc
655 739 689 774 ne
700 737 733 774 ex
744 723 808 773 lusu
818 724 928 790 quidem

131 797 211 848 aleae
223 797 413 863 compendium
425 811 566 864 spernens,
586 797 649 864 plus
664 797 821 862 mendacio,
845 804 927 866 atque

131 872 216 922 etiam
235 865 358 939 periurio
380 871 548 922 lucrabatur.
586 871 623 922 Et
643 873 782 938 quondam
797 875 925 940 proximo

132 945 268 998 collusori
278 945 441 996 demandata
450 947 510 996 vice
521 959 583 1008 sua,
604 958 766 1012 progressus
780 949 809 998 in
825 949 925 1000 atrium

130 1021 244 1085 domus,
266 1035 348 1088 quum
362 1025 566 1088 praetereuntes
583 1019 653 1070 duos
668 1021 773 1086 equites
786 1022 928 1074 Romanos

129 1095 284 1163 locupletes
299 1096 357 1146 sine
371 1109 450 1146 mora
464 1093 568 1161 corripi
583 1094 783 1162 confiscarique
792 1097 927 1161 iussisset,

130 1169 274 1222 exuueans
293 1169 388 1234 rediit,
408 1169 599 1237 gloriansque,
618 1183 758 1240 nunquam
773 1186 802 1222 se
816 1187 928 1240 prospe-

129 1245 376 1297 riorealeausum.
425 1247 431 1256 ’

187 1317 275 1370 XLII.
294 1317 368 1369 Filia
377 1333 442 1370 vero
454 1325 528 1383 nata,
539 1324 738 1386 paupertatem,
750 1335 801 1374 nec
810 1322 867 1373 iam
877 1324 927 1374 im-

128 1395 273 1463 peratoria
283 1393 380 1459 modo,
396 1393 444 1445 sed
454 1395 583 1460 etpatria
594 1409 709 1462 querens
721 1411 819 1462 onera,
841 1397 926 1450 colla-

127 1471 220 1521 tiones
230 1469 260 1520 in
271 1466 431 1521 alimoniam
442 1483 475 1520 ac
485 1469 577 1520 dotem
587 1471 696 1536 puellae
711 1473 822 1540 recepit.
860 1473 926 1524 Edi-

128 1545 174 1596 xit
184 1550 210 1595 et
218 1551 325 1596 strenas
335 1545 446 1596 ineunte
461 1559 533 1596 anno
548 1561 578 1596 se
591 1551 777 1612 recepturum:
797 1549 926 1613 stetitque

126 1620 159 1673 in
170 1619 304 1670 vestibulo
317 1619 425 1671 aedium
436 1619 569 1671 Kalendis
578 1619 716 1672 Ianuariis
728 1620 763 1670 ad
774 1621 926 1686 captandas

127 1695 229 1762 stipes,
252 1710 321 1763 quas
336 1691 425 1762 plenis
436 1699 499 1746 ante
510 1711 572 1748 etun
581 1697 708 1747 manibus
720 1711 753 1747 ac
763 1697 826 1746 sinu
837 1697 926 1747 omnis

127 1771 239 1840 generis
257 1771 340 1820 turba
357 1767 499 1821 fundebat.
537 1767 694 1822 Novissime
714 1771 926 1822 contrectandae

125 1844 262 1918 pecuniae
278 1845 406 1912 cupidine
424 1845 565 1906 incensus,
587 1859 669 1909 saepe
683 1845 926 1910 superimmensus

126 1935 276 1972 aureorum
288 1935 410 1983 acervos,
420 1918 611 1986 patentissimo
623 1917 740 1968 diffioos
751 1917 829 1981 loeo,
841 1924 868 1968 et
878 1933 926 1966 nu-

125 1995 171 2046 dis
181 1995 298 2062 pedibus
308 1994 458 2063 spatiatus,
470 1997 498 2044 ct
507 1997 568 2043 toto
580 2005 696 2058 corpore
707 1991 869 2057 aliquandiu
878 2005 926 2042 vo·

123 2071 232 2122 lutatus
243 2075 293 2122 est.

180 2139 283 2196 xtlrr.
303 2143 436 2195 Militiam
458 2158 557 2212 resque
581 2141 697 2193 bellicas
718 2140 802 2193 semel
822 2141 924 2208 attigit,

120 2235 213 2288 neque
229 2219 430 2282 ardeatinam,
451 2219 499 2270 sed
515 2233 597 2284 quum
614 2217 649 2267 ad
667 2216 809 2267 visendum
829 2231 925 2268 nemus
1020 2207 1021 2228 ¹

121 2295 281 2362 flumenque
296 2293 429 2344 Clitumni
442 2292 600 2343 Mevaniam
615 2292 807 2359 processisset,
830 2291 924 2349 admo-

120 2372 199 2422 nitus
215 2369 249 2421 de
264 2365 416 2437 supplendo
431 2381 545 2418 numero
559 2367 741 2430 Batavorum,
763 2379 834 2431 quos
849 2364 924 2412 circa

121 2463 153 2497 se
164 2445 294 2508 habebat,
307 2441 491 2510 expeditionis
503 2439 684 2494 Germanicae
694 2441 826 2504 impetum
838 2437 922 2501 cepit:

119 2536 212 2588 neque
224 2519 344 2583 distulit,
360 2517 408 2570 sed
419 2515 575 2583 legionibus
585 2521 613 2567 et
624 2514 736 2565 auxiliis
746 2510 868 2576 undique
878 2523 923 2559 ex-

121 2596 196 2660 citis,
209 2592 360 2646 delectibns
370 2591 491 2658 undique
502 2590 677 2641 acerbissime
688 2586 767 2648 actis,
779 2589 922 2635 contracto

120 2675 150 2722 et
161 2671 253 2722 omnis
263 2668 371 2736 generis
383 2669 550 2727 commeatu,
563 2666 665 2729 quanto
680 2672 820 2724 nunquam
832 2663 921 2720 antea,

118 2747 176 2797 iter
184 2747 326 2814 ingressus
337 2747 392 2795 est:
413 2738 585 2807 confecitque
595 2736 678 2788 modo
693 2741 750 2786 tam
760 2731 923 2784 festinanter
