2026 3020
204 247 335 297 tunsus
362 243 515 309 CAESAR.
552 247 748 298 cias-to.
855 243 871 299 5

75 373 132 444 lpse
140 375 180 427 ab
192 389 226 428 eo
236 373 368 444 magister
378 375 499 443 equitum
511 375 655 441 diceretur,
667 377 871 444 constitutaque

75 452 108 502 ad
118 451 268 502 arbitrium
278 449 434 518 republica,
451 451 545 503 Sullae
556 458 583 503 et
592 451 728 505 Autronio
744 450 870 503 consula·

75 533 116 578 tus
126 526 329 578 restitueretur.
367 525 551 578 Meminerant
570 525 651 580 huius
668 526 870 580 coniurationis

15 595 19 601 ’
73 601 215 653 'Panrrsius
226 599 359 652 Geminus
373 601 403 652 in
417 601 560 667 Historia,
575 601 614 654 M.
629 603 746 655 Bibulus
760 602 789 654 in
804 601 869 652 Edi·

74 679 135 741 ctis,
147 676 178 726 C.
191 675 275 727 Curio
287 676 402 743 paterio
414 676 602 730 Orationibus.
641 677 684 730 De
698 675 751 729 hac
766 676 869 744 signifi·

74 747 136 803 card
145 750 258 803 ridetur
269 756 296 802 et
306 751 402 804 Cicero
417 751 446 802 in
456 753 575 820 quadam
587 752 622 804 ad
630 753 731 805 Axium
742 751 869 821 epistola,

73 827 209 890 referens,
228 825 368 878 Caesarem
382 825 557 878 inconsutam
572 827 739 898 confirmasse
749 843 869 897 reguum,
886 874 888 885 ,

74 903 166 968 dequo
178 900 423 971 aediliscogitorot.
464 902 603 954 Tanusius
614 904 723 968 adiicit,
741 903 871 955 Crassum

11 985 13 994 ’
74 975 248 1046 poenitentia
257 975 302 1026 rel
312 982 386 1028 metu
401 977 473 1028 diem
489 978 569 1032 caedi
580 977 744 1030 destinanun
755 994 811 1029 nou
823 977 871 1028 ob-

75 1054 153 1116 iisse,
171 1048 320 1103 etidcirco
336 1067 369 1102 uc
381 1051 527 1112 Caesarem
538 1051 647 1120 qrridem
658 1053 780 1120 signum,
797 1051 873 1120 quod
906 1055 908 1060 '

76 1129 109 1178 ab
121 1143 155 1178 eo
169 1125 233 1176 dari
248 1133 425 1191 convenerat,
442 1125 559 1178 dedissc.
600 1127 766 1180 convenisse
782 1130 872 1178 autem

77 1203 162 1252 Curio
176 1201 225 1263 ait,
236 1206 268 1252 ut
278 1206 372 1268 togam
384 1201 416 1269 de
427 1198 539 1254 humero
557 1200 695 1256 deiiceret.
734 1201 810 1256 Idem
821 1201 873 1252 Cu-

75 1279 128 1341 rio,
141 1276 191 1328 sed
203 1280 231 1326 et
239 1275 279 1326 M.
290 1275 418 1328 Actorius
429 1275 519 1340 Naso,
532 1284 658 1331 allatores
669 1283 746 1344 scint,
764 1277 875 1345 conspi-

76 1367 154 1405 rasse
165 1367 229 1402 eum
240 1351 324 1402 ctiam
336 1367 397 1402 cum
409 1351 457 1403 Cn.
468 1349 570 1405 Pisone
581 1353 769 1419 adolescente,
782 1354 827 1405 cui
838 1354 873 1404 ob

77 1427 267 1494 suspicionem
277 1426 399 1478 urbanae
412 1427 616 1480 coniurationis
622 1428 766 1496 provincia
772 1429 874 1496 Hispa-

14 1495 17 1504 ⁴
76 1503 123 1554 uia
132 1501 211 1552 ultro
223 1506 302 1552 extra
313 1501 436 1554 ordinem
448 1501 513 1553 data
528 1504 579 1566 sit3
599 1511 778 1572 pactumque,
792 1509 824 1554 ut
838 1503 875 1553 si·

11 1634 20 1644 „
77 1577 135 1628 mul
144 1575 219 1628 ioris
228 1575 285 1640 ille,
297 1575 475 1643 ipscRomae,
483 1577 518 1628 ad
529 1594 572 1629 rcs
582 1595 668 1631 novas
680 1583 876 1646 consurgerent

77 1667 127 1719 per
136 1652 294 1702 Ambronas
310 1652 578 1719 ctTranspadanos3
599 1655 759 1706 destitutum
774 1652 875 1706 utrius-

11 1727 15 1740 '
78 1743 130 1795 quc
142 1725 293 1779 consilium
304 1732 391 1778 morte
402 1724 521 1778 Pisonis.

131 1803 171 1853 X.
191 1799 298 1853 Aedilis
309 1807 418 1868 praeter
429 1803 570 1854 comitium
588 1817 620 1855 ac
629 1803 721 1856 forum
732 1804 876 1856 basilicas-

78 1893 130 1946 que
142 1877 230 1929 etiam
242 1876 408 1944 Capitolium
421 1877 543 1941 ornavit,
560 1880 712 1945 porticibus
724 1879 759 1930 ad
770 1886 876 1945 tempus
924 1927 925 1932 ,

77 1953 242 2015 exstructis,
260 1951 412 2019 inquibus,
431 1951 588 2004 abundante
598 1969 688 2020 rerum
700 1953 796 2020 copia,
812 1965 877 2018 pars

76 2032 234 2096 apparatus
250 2033 441 2094 exponeretur.
481 2025 651 2078 Venationes
672 2033 763 2078 autem
783 2024 877 2077 ludos·

77 2119 131 2170 que
147 2107 176 2154 et
192 2117 254 2154 cum
271 2102 378 2170 collega
389 2108 416 2154 et
426 2101 575 2170 separatim
587 2101 686 2166 edidit,
704 2116 758 2170 quo
774 2099 877 2153 factum

76 2183 132 2242 est,
149 2181 183 2229 ut
199 2177 382 2228 communium
400 2193 509 2246 quoquc
523 2177 708 2246 impensarum
724 2177 800 2229 solus
816 2190 877 2244 gra·

12 2287 16 2294 ·
77 2255 146 2304 tiam
164 2255 290 2319 caperet3
315 2267 366 2303 nec
382 2251 569 2304 dissimularet
584 2253 691 2320 collega
707 2253 766 2305 eius
780 2253 819 2303 M.
831 2252 878 2302 Bi-

78 2329 175 2391 buluo,
198 2324 311 2378 euenisse
326 2325 388 2391 titt,
411 2327 480 2394 quod
490 2325 599 2379 Polluci.
643 2328 679 2380 Ut
689 2327 757 2380 enirn
765 2325 879 2396 geminis

79 2400 218 2470 fratribus
238 2401 314 2452 aedes
332 2401 361 2453 in
375 2401 442 2473 foro
468 2401 612 2454 constituta
637 2411 741 2454 tuntum
762 2399 879 2454 Castoris

78 2486 236 2538 vocaretur,
258 2475 297 2528 ito
313 2492 387 2530 ruam
399 2475 571 2543 Caesarisque
586 2477 793 2547 rrtunijicectiom
803 2473 881 2524 ouius

81 2551 208 2604 Caesaris
219 2549 280 2602 diei.
320 2551 429 2604 Adiecit
444 2551 558 2618 insuper
568 2553 671 2604 Caesar
682 2553 764 2601 etiam
774 2547 881 2614 gladia-

79 2627 186 2679 torium
197 2637 312 2689 munus,
329 2626 378 2678 sed
395 2626 537 2695 aliquanto
554 2624 733 2693 paucioribus
744 2637 826 2690 quam
837 2619 883 2671 de-

49 2733 51 2738 .
79 2703 239 2754 sfinarerat
250 2701 374 2768 paribus.
414 2699 486 2751 Nam
502 2714 585 2767 quum
600 2696 749 2764 multiplici
762 2694 884 2761 undiquc

13 2825 17 2832 .
80 2776 194 2830 familia
207 2781 369 2844 comparata
379 2775 508 2831 inimicos
520 2772 710 2838 exterruisset,
723 2767 886 2823 cauurmest
