2026 3020
243 189 372 239 iunius
399 183 555 240 caussa.
593 192 805 252 coeio-aa.
881 195 926 254 41

121 317 263 380 minaret;
282 317 400 369 seduno
417 321 500 384 atque
515 317 603 370 altero
618 316 722 370 frustra
733 335 786 373 uec
801 321 861 375 siue
881 337 926 376 su-

122 393 256 462 spicione
266 390 373 443 fraudis
383 392 547 456 nominatis,
564 393 712 460 desperans
723 400 779 446 tam
790 398 926 464 praecipi·

120 470 166 520 tis
188 467 300 520 consilii
319 473 457 533 eventum,
481 468 659 536 intercepisse
683 485 787 523 veneno
807 471 925 523 indicem

124 544 262 596 creditur.

186 617 262 670 xxi.
282 617 339 670 Sub
350 617 423 670 idem
437 623 545 686 tempus
556 619 747 687 Calpurniam,
769 619 803 671 L,
815 620 926 674 Pisonis

124 695 229 759 liliam,
251 694 404 746 successuri
420 695 475 745 sibi
489 695 518 746 iu
530 695 686 760 consulatu,
709 695 926 759 duxituxorem3

124 785 272 839 suamque,
284 768 395 833 duliam,
407 769 455 820 Cn.
466 767 599 837 Pompeio
612 771 768 835 collocavit,
780 772 926 838 repudiato

124 846 224 914 priore
235 859 339 912 sponso
351 843 469 896 Servilio
477 845 623 912 Caepione,
635 847 713 897 cuius
723 847 767 898 vel
777 849 927 915 praecipua

127 919 324 988 operapaullo
340 925 403 971 ante
412 919 542 972 Bibulum
558 921 776 988 impugnaverat.
815 923 929 990 depost

125 1011 230 1048 novam
244 995 403 1046 affinitatem
409 993 571 1061 Pompeium
582 995 699 1061 primum
710 1011 810 1063 regare
821 1005 927 1050 senten-

19 1103 24 1112 ·
124 1072 198 1122 tiam
210 1071 311 1137 coepit,
323 1085 405 1138 quum
413 1070 542 1121 Crassum
554 1069 664 1134 soleret,
676 1077 801 1138 essetque
813 1087 927 1122 consue·

126 1145 208 1209 tudo,
219 1150 259 1208 ut,
271 1159 351 1212 quem
362 1145 486 1204 ordinem
497 1145 688 1212 interrogandi
702 1147 852 1199 sententias
864 1162 927 1197 eon-

128 1221 174 1272 sul
183 1220 319 1271 Kalendis
333 1219 469 1272 Ianuariis
488 1220 666 1286 instituisset,
689 1237 751 1276 eum
771 1228 832 1274 toto·
854 1237 926 1274 anno

130 1301 318 1351 conservaret.
940 1293 942 1296 ’

186 1371 275 1424 XXII.
297 1369 399 1422 Socero
418 1370 503 1438 igitur
525 1386 681 1440 generoque
700 1371 926 1440 suffragantibus,

129 1461 164 1500 ex
176 1447 253 1498 ouini
263 1445 467 1512 provinciarum
479 1445 675 1514 eopiaGallias
686 1448 861 1515 potissimum
874 1447 926 1498 ele-

128 1523 184 1590 git,
207 1521 285 1572 cuius
300 1519 483 1572 emolumento
498 1527 526 1573 et
545 1524 753 1590 opportunitate
768 1523 871 1575 idonea
891 1523 928 1573 sit

128 1597 249 1653 materia
268 1593 478 1663 triumphorum.
516 1597 553 1648 Et
572 1598 653 1650 initio
674 1596 784 1665 quidem
806 1596 926 1648 Galliam

132 1672 316 1738 Cisalpinam,
332 1669 446 1738 Illyrico
463 1671 584 1738 adiecto,
606 1672 666 1739 lege
676 1673 792 1724 Vatinia
807 1673 927 1740 accepit3

130 1763 197 1801 mox
208 1761 258 1834 per
268 1751 391 1798 senatum
399 1746 542 1800 Comatam
554 1763 671 1815 quoque,
683 1748 778 1800 veritis
789 1747 925 1815 patribus,

130 1837 179 1887 ne,
201 1822 227 1872 si
236 1821 292 1888 ipsi
302 1826 460 1887 negassent,
482 1821 601 1888 populus
616 1829 643 1874 et
653 1821 725 1874 hanc
736 1822 823 1875 daret.
864 1823 926 1884 Quo

131 1897 236 1965 gaudio
248 1896 336 1948 elatus
346 1912 402 1949 non
411 1897 586 1962 temperavit,
602 1897 668 1963 quin
678 1913 783 1964 paucos
793 1903 858 1964 post
868 1897 927 1948 dies

131 1955 271 2061 frequenti
281 1972 357 2022 curia
366 1972 497 2038 jactaret,
508 1969 603 2020 invitis
614 1976 641 2023 et
650 1973 822 2037 gementibus
833 1972 927 2022 adver

133 2048 216 2100 seriis
227 2047 356 2115 adeptum
367 2063 413 2135 se,
431 2061 501 2114 quae
513 2045 698 2112 concupisset3
723 2046 839 2114 proinde
850 2061 884 2097 ex
894 2061 927 2098 eo

132 2123 327 2174 insultaturum
340 2122 460 2173 omnium
473 2121 622 2188 capitibus:
638 2136 671 2173 ae
680 2127 797 2190 negante
808 2121 927 2190 quodam

133 2211 183 2266 per
197 2195 405 2261 contumeliam,
425 2197 508 2251 facile
527 2193 581 2248 hoc
593 2197 645 2249 ulli
659 2197 778 2249 feminae
792 2198 865 2263 fore,
886 2213 928 2249 re-

134 2273 248 2360 spondit
258 2273 339 2340 quasi
349 2272 485 2336 alludens,
501 2271 529 2322 iu
540 2271 619 2340 Syria
634 2289 734 2340 quoque
748 2287 872 2343 regnasse
884 2271 928 2322 Se-

134 2347 266 2411 miramis,
278 2363 454 2417 meguomque
459 2347 538 2401 Asiae
544 2356 650 2415 portem
656 2348 806 2400 Amasenus
816 2346 929 2400 tenuisse

136 2423 275 2492 quondam.
301 2461 308 2487 ,

190 2498 292 2552 XXlll.
311 2497 434 2551 Functus
454 2480 612 2565 consulatu,
635 2500 664 2551 C.
679 2499 811 2552 Memmio
826 2495 929 2548 Lucio·

136 2591 188 2642 que
198 2573 325 2627 Domitio
337 2573 511 2640 praetoribus
521 2575 557 2626 de
567 2575 719 2640 superioris
732 2573 797 2624 anui
808 2573 878 2624 actis
888 2587 930 2623 re-

136 2649 295 2713 ferentibus,
308 2648 493 2715 cognitionem
505 2649 612 2702 senatui
624 2648 736 2702 detulit.
747 2663 798 2700 nec
807 2649 858 2700 illo
870 2660 929 2698 sus-

139 2715 269 2794 cipiente,
283 2723 432 2792 triduoque
448 2740 495 2792 per
510 2724 604 2777 initas
616 2723 810 2782 altercationes
822 2725 930 2776 absum-

879 2878 1005 2952 fl
