2036 3022
163 177 213 228 ito
446 179 472 225 0.
496 176 682 226 suuroun

163 302 301 368 riferiom,
315 301 451 373 Olympiis
465 318 530 355 vero
548 303 630 356 etiam
642 303 845 371 decemiugem3
867 320 964 374 quam-

162 381 205 432 vis
214 379 244 432 id
259 379 349 445 ipsum
358 380 388 431 in
397 395 462 448 rege
472 377 634 430 Mithridate
646 379 765 430 carmine
776 381 900 447 quodam
912 399 963 435 suo

163 451 392 524 reprehendisset.
433 455 487 506 Sed
498 469 634 506 excussus
641 469 722 505 curru
732 470 765 505 ao
774 471 872 506 rursus
883 472 964 526 repo-

164 533 245 594 situs,
267 546 348 598 quum
360 530 509 598 perdurare
520 545 576 582 uon
590 535 696 597 posset,
719 529 826 582 destitit
840 537 907 584 ante
918 533 962 584 de·

164 622 271 658 cursum
284 623 290 667 3
310 621 398 672 neque
414 621 447 656 eo
462 607 552 656 secius
567 611 716 658 coronatus
727 612 776 656 est.
816 605 962 660 Decedens

164 681 261 734 deinde
275 681 446 748 provinciam
460 681 616 734 universam
632 681 905 748 libe1tatedonavit,
928 684 961 734 si·
1004 693 1005 740 ἶ

162 756 272 824 mulque
285 755 392 806 iudices
407 756 518 806 civitate
533 756 658 808 Romana
678 761 705 806 et
719 758 836 823 pecunia
850 759 960 824 grandi.

121 861 124 866 .
164 833 241 893 Quae
256 831 390 882 beneficia
405 847 419 881 e
434 832 525 882 medio
541 833 632 883 stadio
648 830 825 884 lsthmiorum
845 833 892 885 die
913 849 961 885 sua

161 908 220 975 ipse
231 921 298 972 voce
309 907 510 974 pronunciavit.
534 958 538 968 ,

218 981 306 1034 XXV.
327 981 461 1034 Reversus
473 998 487 1034 e
499 981 619 1035 Graecia
629 982 780 1050 Neapoliu,
798 983 874 1050 qnod
889 985 920 1036 iu
932 999 962 1036 ea

161 1058 280 1126 primum
302 1063 386 1109 artem
407 1056 572 1126 protulerat,
589 1057 661 1108 albis
676 1059 753 1127 equis
767 1059 890 1123 introiit,
909 1061 961 1111 dis-

162 1136 235 1186 iecto
254 1139 333 1202 parte
351 1134 435 1197 niun,
456 1139 488 1183 ut
501 1149 561 1186 mos
576 1131 780 1185 hieronicarum
795 1139 856 1186 est:
878 1135 962 1187 simili

162 1209 246 1261 modo
261 1209 385 1272 Antium,
400 1208 464 1260 inde
475 1209 624 1272 Albanum,
639 1209 704 1260 inde
719 1209 855 1260 Romam:
877 1211 927 1263 sed
937 1217 963 1263 et

162 1285 279 1336 Romam
290 1300 322 1337 eo
335 1299 428 1348 curru,
441 1299 495 1352 quo
506 1285 645 1352 Augustus
656 1284 724 1336 olim
733 1283 960 1353 triumphaverat,

163 1366 189 1412 et
198 1361 227 1412 in
237 1366 311 1413 veste
322 1375 472 1428 purpurea,
489 1360 672 1428 distinctaque
684 1361 772 1412 stellis
783 1362 876 1412 aureis
888 1360 960 1414 chla-

155 1436 256 1504 myde,
268 1451 453 1502 coronamque
465 1437 554 1503 capite
569 1451 666 1503 gerens
678 1435 885 1502 Olympiacam,
898 1438 959 1490 dex·

161 1517 205 1563 tra
215 1527 299 1563 manu
309 1510 451 1579 Pythiam,
463 1517 611 1576 praeeunte
622 1527 724 1578 pompa
735 1517 889 1582 ceterarum
902 1529 960 1565 cunr

162 1587 260 1652 titulis,
271 1587 327 1651 ubi,
340 1591 366 1636 et
377 1601 456 1654 quos,
464 1599 518 1654 quo
531 1586 690 1637 cantionum
702 1601 789 1654 quove
800 1586 959 1639 fabularum

162 1667 321 1730 argumento
338 1661 467 1711 vicisset:
489 1662 665 1728 sequentibus
687 1677 795 1712 curnem
817 1665 958 1715 ovantium

160 1739 217 1790 ritu
231 1737 420 1804 plausoribus,
436 1737 637 1804 Augustianos,
653 1736 808 1805 militesque
823 1754 853 1788 se
864 1740 959 1790 trium·

160 1811 209 1882 phi
219 1813 290 1877 eius,
303 1812 516 1864 clamitantibus.
557 1809 671 1876 Dehinc,
684 1812 775 1863 diruto
787 1813 865 1865 Circi
874 1815 959 1866 maxi·

160 1890 199 1940 mi
214 1905 293 1954 arcu,
308 1905 357 1956 per
367 1887 515 1940 Velabrum
531 1887 677 1954 forumque
688 1885 827 1939 Palatium
839 1893 869 1940 et
878 1890 958 1957 llpol-

160 1965 243 2017 linem
263 1965 351 2033 petiit.
403 1963 543 2015 incedenti
567 1963 669 2030 passim
693 1963 823 2015 victimae
848 1980 958 2028 caesae,

161 2056 258 2108 sparso
275 2056 323 2108 per
338 2040 398 2091 vias
412 2039 562 2090 identidem
579 2054 674 2101 croco,
689 2039 870 2108 ingestaeque
886 2057 956 2104 aves,

161 2133 194 2167 ac
204 2115 341 2179 lemnisci,
353 2120 381 2165 et
389 2115 515 2166 bellaria.
542 2113 641 2165 Sacros
653 2128 770 2164 coronas
780 2114 810 2164 in
823 2115 957 2168 cubiculis

161 2192 262 2241 circum
274 2191 360 2241 lectos
370 2191 475 2257 posuit:
496 2189 562 2239 item
573 2194 679 2240 statuas
690 2203 754 2238 suas
767 2186 957 2243 citharoedico

160 2265 275 2328 habitu;
300 2280 355 2333 qua
374 2272 442 2316 nota
463 2263 544 2314 etiam
564 2279 703 2314 nummum
724 2265 872 2331 percussit.
920 2268 959 2317 Ac

159 2347 224 2410 post
242 2339 311 2390 haec
329 2345 434 2390 tantum
456 2336 545 2389 abfuit
565 2355 582 2389 a
601 2339 763 2391 remittendo
779 2340 959 2411 laxandoque

161 2416 267 2480 studio,
279 2422 322 2479 ut,
335 2414 538 2466 conservandae
549 2416 626 2466 vocis
640 2413 743 2482 gratia,
754 2431 844 2482 neque
855 2417 959 2469 milites

160 2505 294 2559 unquam,
315 2490 370 2540 nisi
385 2490 494 2554 absens,
516 2495 564 2540 aut
579 2490 635 2540 alio
646 2491 730 2541 verba
740 2493 958 2556 pronunciante,

161 2565 330 2632 appellarct;
360 2581 447 2631 neque
472 2565 617 2634 quicquam
643 2566 715 2616 serio
736 2566 835 2617 iocove
857 2569 958 2636 egerit,

159 2641 214 2689 nisi
225 2647 331 2691 astante
342 2637 492 2709 phonasco,
500 2641 546 2707 qui
557 2646 687 2704 moneret,
699 2646 826 2708 parceret
836 2643 956 2707 arteriis,

157 2727 193 2772 ‚ac
203 2715 344 2767 sudarium
360 2715 396 2766 ad
407 2731 438 2767 os
453 2715 607 2785 applicaret
616 2733 624 2781 5
644 2715 791 2786 multisque
801 2717 847 2768 vel
863 2719 956 2771 amici-
