<?xml version="1.0" encoding="UTF-8"?>
<!DOCTYPE html PUBLIC "-//W3C//DTD XHTML 1.0 Transitional//EN"
    "http://www.w3.org/TR/xhtml1/DTD/xhtml1-transitional.dtd">
<html xmlns="http://www.w3.org/1999/xhtml" xml:lang="en" lang="en">
 <head>
  <title>
</title>
<meta http-equiv="Content-Type" content="text/html;charset=utf-8" />
  <meta name='ocr-system' content='tesseract 3.04.00' />
  <meta name='ocr-capabilities' content='ocr_page ocr_carea ocr_par ocr_line ocrx_word'/>
</head>
<body>
  <div class='ocr_page' id='page_1' title='image "./csuetoniitranqu05suetgoog_0143.png"; bbox 0 0 2050 3034; ppageno 0'>
   <div class='ocr_carea' id='block_1_1' title="bbox 308 235 930 328">
    <p class='ocr_par' dir='ltr' id='par_1_1' title="bbox 308 235 930 328">
     <span class='ocr_line' id='line_1_1' title="bbox 308 235 930 328; baseline 0.018 -46"><span class='ocrx_word' id='word_1_1' title='bbox 308 235 496 284; x_wconf 85' lang='lat' dir='ltr'>TIBERIUS.</span> <span class='ocrx_word' id='word_1_2' title='bbox 534 237 613 283; x_wconf 71' lang='lat' dir='ltr'><em>cnr.</em></span> <span class='ocrx_word' id='word_1_3' title='bbox 633 239 761 328; x_wconf 40' lang='grc' dir='ltr'><em>26-31.ἡ</em></span> <span class='ocrx_word' id='word_1_4' title='bbox 880 241 930 292; x_wconf 82' lang='lat'><em>131</em></span> 
     </span>
    </p>
   </div>
   <div class='ocr_carea' id='block_1_2' title="bbox 52 361 929 2840">
    <p class='ocr_par' dir='ltr' id='par_1_2' title="bbox 129 361 929 507">
     <span class='ocr_line' id='line_1_2' title="bbox 129 361 929 435; baseline 0.008 -21"><span class='ocrx_word' id='word_1_5' title='bbox 129 361 201 415; x_wconf 73' lang='lat' dir='ltr'><em>dabo</em></span> <span class='ocrx_word' id='word_1_6' title='bbox 212 375 327 430; x_wconf 69' lang='lat' dir='ltr'><em>operam</em></span> <span class='ocrx_word' id='word_1_7' title='bbox 337 361 652 435; x_wconf 74' lang='lat' dir='ltr'><em>strationemfoetorum</em></span> <span class='ocrx_word' id='word_1_8' title='bbox 661 379 778 416; x_wconf 82' lang='lat' dir='ltr'><em>meorum</em></span> <span class='ocrx_word' id='word_1_9' title='bbox 789 365 929 422; x_wconf 70' lang='lat' dir='ltr'><em>uictorum·</em></span> 
     </span>
     <span class='ocr_line' id='line_1_3' title="bbox 129 436 862 507; baseline 0.005 -19"><span class='ocrx_word' id='word_1_10' title='bbox 129 453 183 507; x_wconf 81' lang='lat' dir='ltr'><em>que</em></span> <span class='ocrx_word' id='word_1_11' title='bbox 192 437 314 489; x_wconf 73' lang='lat' dir='ltr'><em>reddam:</em></span> <span class='ocrx_word' id='word_1_12' title='bbox 333 436 575 504; x_wconf 79' lang='lat' dir='ltr'><em>siperseoeruuerit,</em></span> <span class='ocrx_word' id='word_1_13' title='bbox 587 438 697 490; x_wconf 78' lang='lat' dir='ltr'><em>inuicem</em></span> <span class='ocrx_word' id='word_1_14' title='bbox 707 455 766 492; x_wconf 80' lang='lat' dir='ltr'><em>eum</em></span> <span class='ocrx_word' id='word_1_15' title='bbox 775 441 862 496; x_wconf 75' lang='lat' dir='ltr'><em>otoo,</em></span> 
     </span>
    </p>

    <p class='ocr_par' dir='ltr' id='par_1_3' title="bbox 127 511 929 1336">
     <span class='ocr_line' id='line_1_4' title="bbox 187 511 929 584; baseline 0.007 -19"><span class='ocrx_word' id='word_1_16' title='bbox 187 512 290 565; x_wconf 85' lang='lat' dir='ltr'><strong>XXIX.</strong></span> <span class='ocrx_word' id='word_1_17' title='bbox 309 513 398 580; x_wconf 82' lang='lat' dir='ltr'><strong>Atque</strong></span> <span class='ocrx_word' id='word_1_18' title='bbox 412 511 481 565; x_wconf 86' lang='lat' dir='ltr'><em>baec</em></span> <span class='ocrx_word' id='word_1_19' title='bbox 500 513 722 566; x_wconf 64' lang='lat' dir='ltr'><em>eo&#39;notabiliors</em></span> <span class='ocrx_word' id='word_1_20' title='bbox 741 523 833 582; x_wconf 84' lang='lat' dir='ltr'><em>eraut,</em></span> <span class='ocrx_word' id='word_1_21' title='bbox 855 519 929 584; x_wconf 83' lang='lat' dir='ltr'><em>quod</em></span> 
     </span>
     <span class='ocr_line' id='line_1_5' title="bbox 128 587 928 659; baseline 0.003 -17"><span class='ocrx_word' id='word_1_22' title='bbox 128 591 192 658; x_wconf 85' lang='lat' dir='ltr'><em>ipse</em></span> <span class='ocrx_word' id='word_1_23' title='bbox 201 589 231 640; x_wconf 88' lang='lat' dir='ltr'><em>in</em></span> <span class='ocrx_word' id='word_1_24' title='bbox 246 587 418 656; x_wconf 77' lang='lat' dir='ltr'>appellandis</span> <span class='ocrx_word' id='word_1_25' title='bbox 433 589 649 658; x_wconf 87' lang='lat' dir='ltr'><em>venerandisque</em></span> <span class='ocrx_word' id='word_1_26' title='bbox 664 596 693 642; x_wconf 89' lang='lat' dir='ltr'><em>et</em></span> <span class='ocrx_word' id='word_1_27' title='bbox 705 591 821 659; x_wconf 82' lang='lat' dir='ltr'><em>singulis</em></span> <span class='ocrx_word' id='word_1_28' title='bbox 833 598 860 644; x_wconf 87' lang='lat' dir='ltr'><em>et</em></span> <span class='ocrx_word' id='word_1_29' title='bbox 868 596 928 644; x_wconf 91' lang='lat' dir='ltr'><em>uni-</em></span> 
     </span>
     <span class='ocr_line' id='line_1_6' title="bbox 127 663 927 734; baseline 0.004 -18"><span class='ocrx_word' id='word_1_30' title='bbox 127 664 219 717; x_wconf 85' lang='lat' dir='ltr'><em>versis</em></span> <span class='ocrx_word' id='word_1_31' title='bbox 236 679 324 734; x_wconf 87' lang='lat' dir='ltr'><em>prope</em></span> <span class='ocrx_word' id='word_1_32' title='bbox 343 670 498 716; x_wconf 72' lang='lat' dir='ltr'><strong>excesserat</strong></span> <span class='ocrx_word' id='word_1_33' title='bbox 511 663 689 716; x_wconf 87' lang='lat' dir='ltr'><em>humanitatis</em></span> <span class='ocrx_word' id='word_1_34' title='bbox 704 667 825 718; x_wconf 88' lang='lat' dir='ltr'><em>modum.</em></span> <span class='ocrx_word' id='word_1_35' title='bbox 864 668 927 719; x_wconf 89' lang='lat' dir='ltr'><em>Dis·</em></span> 
     </span>
     <span class='ocr_line' id='line_1_7' title="bbox 129 739 927 813; baseline 0.003 -21"><span class='ocrx_word' id='word_1_36' title='bbox 129 740 251 792; x_wconf 83' lang='lat' dir='ltr'><em>sentiens</em></span> <span class='ocrx_word' id='word_1_37' title='bbox 260 739 290 790; x_wconf 91' lang='lat' dir='ltr'><em>in</em></span> <span class='ocrx_word' id='word_1_38' title='bbox 300 739 378 791; x_wconf 85' lang='lat' dir='ltr'><em>ouria</em></span> <span class='ocrx_word' id='word_1_39' title='bbox 389 754 407 790; x_wconf 84' lang='lat' dir='ltr'><em>a</em></span> <span class='ocrx_word' id='word_1_40' title='bbox 418 739 451 800; x_wconf 77' lang='lat' dir='ltr'><em>Q.</em></span> <span class='ocrx_word' id='word_1_41' title='bbox 463 739 592 806; x_wconf 83' lang='lat' dir='ltr'><em>Haterio,</em></span> <span class='ocrx_word' id='word_1_42' title='bbox 607 739 748 810; x_wconf 80' lang='lat' dir='ltr'><em>Ignoscas,</em></span> <span class='ocrx_word' id='word_1_43' title='bbox 763 743 867 813; x_wconf 70' lang='lat' dir='ltr'><em>nequit,</em></span> <span class='ocrx_word' id='word_1_44' title='bbox 885 761 927 795; x_wconf 85' lang='lat' dir='ltr'><em>ro-</em></span> 
     </span>
     <span class='ocr_line' id='line_1_8' title="bbox 127 813 925 886; baseline 0.005 -20"><span class='ocrx_word' id='word_1_45' title='bbox 127 833 180 886; x_wconf 78' lang='lat' dir='ltr'><em>ge,</em></span> <span class='ocrx_word' id='word_1_46' title='bbox 197 814 221 866; x_wconf 81' lang='lat' dir='ltr'><em>ri</em></span> <span class='ocrx_word' id='word_1_47' title='bbox 230 814 424 882; x_wconf 78' lang='lat' dir='ltr'><em>quidadoersm</em></span> <span class='ocrx_word' id='word_1_48' title='bbox 436 822 461 865; x_wconf 87' lang='lat' dir='ltr'><em>te</em></span> <span class='ocrx_word' id='word_1_49' title='bbox 471 813 588 878; x_wconf 76' lang='lat' dir='ltr'><em>liberius,</em></span> <span class='ocrx_word' id='word_1_50' title='bbox 604 815 803 880; x_wconf 68' lang='lat' dir='ltr'><em>ecesseootor,</em></span> <span class='ocrx_word' id='word_1_51' title='bbox 825 818 925 870; x_wconf 67' lang='lat' dir='ltr'><em>debere,</em></span> 
     </span>
     <span class='ocr_line' id='line_1_9' title="bbox 128 889 926 962; baseline 0.006 -21"><span class='ocrx_word' id='word_1_52' title='bbox 128 891 168 942; x_wconf 89' lang='lat' dir='ltr'><em>Et</em></span> <span class='ocrx_word' id='word_1_53' title='bbox 187 890 285 942; x_wconf 84' lang='lat' dir='ltr'><em>deinde</em></span> <span class='ocrx_word' id='word_1_54' title='bbox 305 905 399 942; x_wconf 88' lang='lat' dir='ltr'><em>omnes</em></span> <span class='ocrx_word' id='word_1_55' title='bbox 420 889 575 959; x_wconf 82' lang='lat' dir='ltr'><em>alloquens:</em></span> <span class='ocrx_word' id='word_1_56' title='bbox 605 889 675 943; x_wconf 79' lang='lat' dir='ltr'><em>Dixi</em></span> <span class='ocrx_word' id='word_1_57' title='bbox 688 901 716 944; x_wconf 90' lang='lat' dir='ltr'><em>et</em></span> <span class='ocrx_word' id='word_1_58' title='bbox 727 909 796 946; x_wconf 83' lang='lat' dir='ltr'><em>nene</em></span> <span class='ocrx_word' id='word_1_59' title='bbox 811 903 838 946; x_wconf 86' lang='lat' dir='ltr'><em>et</em></span> <span class='ocrx_word' id='word_1_60' title='bbox 849 907 926 962; x_wconf 76' lang='lat' dir='ltr'><em>&#39;saepe</em></span> 
     </span>
     <span class='ocr_line' id='line_1_10' title="bbox 129 964 926 1035; baseline 0.005 -17"><span class='ocrx_word' id='word_1_61' title='bbox 129 965 211 1030; x_wconf 80' lang='lat' dir='ltr'><em>alius,</em></span> <span class='ocrx_word' id='word_1_62' title='bbox 227 964 260 1017; x_wconf 90' lang='grc' dir='ltr'><em>Ρ.</em></span> <span class='ocrx_word' id='word_1_63' title='bbox 274 964 318 1028; x_wconf 64' lang='lat' dir='ltr'><em>O„</em></span> <span class='ocrx_word' id='word_1_64' title='bbox 334 965 427 1017; x_wconf 79' lang='lat' dir='ltr'><em>bonum</em></span> <span class='ocrx_word' id='word_1_65' title='bbox 438 973 463 1018; x_wconf 89' lang='lat' dir='ltr'><em>et</em></span> <span class='ocrx_word' id='word_1_66' title='bbox 473 967 615 1017; x_wconf 85' lang='lat' dir='ltr'><em>solutorem</em></span> <span class='ocrx_word' id='word_1_67' title='bbox 621 966 780 1032; x_wconf 81' lang='lat' dir='ltr'><em>prinoipem,</em></span> <span class='ocrx_word' id='word_1_68' title='bbox 797 985 872 1035; x_wconf 81' lang='lat' dir='ltr'><em>quem</em></span> <span class='ocrx_word' id='word_1_69' title='bbox 882 985 926 1022; x_wconf 82' lang='lat' dir='ltr'><em>sos</em></span> 
     </span>
     <span class='ocr_line' id='line_1_11' title="bbox 129 1038 925 1108; baseline 0 -14"><span class='ocrx_word' id='word_1_70' title='bbox 129 1049 207 1094; x_wconf 83' lang='lat' dir='ltr'><em>tonte</em></span> <span class='ocrx_word' id='word_1_71' title='bbox 218 1048 245 1094; x_wconf 89' lang='lat' dir='ltr'><em>et</em></span> <span class='ocrx_word' id='word_1_72' title='bbox 254 1047 308 1092; x_wconf 84' lang='lat' dir='ltr'><em>tem</em></span> <span class='ocrx_word' id='word_1_73' title='bbox 319 1038 401 1091; x_wconf 82' lang='lat' dir='ltr'><em>libero</em></span> <span class='ocrx_word' id='word_1_74' title='bbox 410 1046 543 1108; x_wconf 75' lang='lat' dir='ltr'><em>potestate</em></span> <span class='ocrx_word' id='word_1_75' title='bbox 556 1039 731 1103; x_wconf 69' lang='lat' dir='ltr'><em>instruxistis,</em></span> <span class='ocrx_word' id='word_1_76' title='bbox 754 1043 859 1093; x_wconf 82' lang='lat' dir='ltr'><em>senetm&#39;</em></span> <span class='ocrx_word' id='word_1_77' title='bbox 871 1061 925 1094; x_wconf 83' lang='lat' dir='ltr'><em>ser-</em></span> 
     </span>
     <span class='ocr_line' id='line_1_12' title="bbox 127 1113 925 1184; baseline 0.001 -17"><span class='ocrx_word' id='word_1_78' title='bbox 127 1116 185 1168; x_wconf 82' lang='lat' dir='ltr'><em>sire</em></span> <span class='ocrx_word' id='word_1_79' title='bbox 195 1115 286 1167; x_wconf 80' lang='lat' dir='ltr'><em>debere</em></span> <span class='ocrx_word' id='word_1_80' title='bbox 296 1123 324 1166; x_wconf 84' lang='lat' dir='ltr'><em>et</em></span> <span class='ocrx_word' id='word_1_81' title='bbox 332 1113 682 1182; x_wconf 77' lang='lat' dir='ltr'><em>universiseicibus,seepeet</em></span> <span class='ocrx_word' id='word_1_82' title='bbox 686 1115 925 1184; x_wconf 80' lang='lat' dir='ltr'><em>plerumqoeeriom</em></span> 
     </span>
     <span class='ocr_line' id='line_1_13' title="bbox 127 1189 924 1260; baseline 0.003 -18"><span class='ocrx_word' id='word_1_83' title='bbox 127 1190 256 1260; x_wconf 74' lang='lat' dir='ltr'><em>singulis:</em></span> <span class='ocrx_word' id='word_1_84' title='bbox 275 1205 358 1257; x_wconf 78' lang='lat' dir='ltr'><em>nepae</em></span> <span class='ocrx_word' id='word_1_85' title='bbox 367 1189 397 1241; x_wconf 81' lang='lat' dir='ltr'><em>id</em></span> <span class='ocrx_word' id='word_1_86' title='bbox 406 1190 501 1242; x_wconf 66' lang='lat' dir='ltr'><em>doluisse</em></span> <span class='ocrx_word' id='word_1_87' title='bbox 511 1206 551 1242; x_wconf 87' lang='lat' dir='ltr'><em>me</em></span> <span class='ocrx_word' id='word_1_88' title='bbox 557 1190 688 1258; x_wconf 80' lang='lat' dir='ltr'><em>poenitet,</em></span> <span class='ocrx_word' id='word_1_89' title='bbox 711 1200 739 1243; x_wconf 86' lang='lat' dir='ltr'><em>et</em></span> <span class='ocrx_word' id='word_1_90' title='bbox 752 1192 830 1243; x_wconf 82' lang='lat' dir='ltr'><em>bonos</em></span> <span class='ocrx_word' id='word_1_91' title='bbox 846 1201 924 1244; x_wconf 86' lang='lat' dir='ltr'><em>etue-</em></span> 
     </span>
     <span class='ocr_line' id='line_1_14' title="bbox 128 1264 927 1336; baseline 0.003 -20"><span class='ocrx_word' id='word_1_92' title='bbox 128 1281 194 1334; x_wconf 77' lang='lat' dir='ltr'><em>preos</em></span> <span class='ocrx_word' id='word_1_93' title='bbox 205 1273 230 1318; x_wconf 87' lang='lat' dir='ltr'><em>et</em></span> <span class='ocrx_word' id='word_1_94' title='bbox 233 1264 357 1336; x_wconf 81' lang='lat' dir='ltr'><em>faventes</em></span> <span class='ocrx_word' id='word_1_95' title='bbox 367 1281 411 1316; x_wconf 81' lang='lat' dir='ltr'><em>ees</em></span> <span class='ocrx_word' id='word_1_96' title='bbox 421 1265 503 1318; x_wconf 80' lang='lat' dir='ltr'><em>bubni</em></span> <span class='ocrx_word' id='word_1_97' title='bbox 512 1265 636 1330; x_wconf 74' lang='lat' dir='ltr'><em>dominos,</em></span> <span class='ocrx_word' id='word_1_98' title='bbox 649 1265 771 1320; x_wconf 76' lang='lat' dir='ltr'><em>eruribus</em></span> <span class='ocrx_word' id='word_1_99' title='bbox 782 1266 872 1318; x_wconf 82' lang='lat' dir='ltr'><em>babeo.</em></span> <span class='ocrx_word' id='word_1_100' title='bbox 925 1283 927 1287; x_wconf 68' lang='grc'>’</span> 
     </span>
    </p>

    <p class='ocr_par' dir='ltr' id='par_1_4' title="bbox 52 1340 924 2372">
     <span class='ocr_line' id='line_1_15' title="bbox 185 1340 924 1410; baseline 0.004 -18"><span class='ocrx_word' id='word_1_101' title='bbox 185 1341 274 1392; x_wconf 87' lang='lat' dir='ltr'><strong>XXX.</strong></span> <span class='ocrx_word' id='word_1_102' title='bbox 296 1340 368 1402; x_wconf 74' lang='lat' dir='ltr'><em>Quin</em></span> <span class='ocrx_word' id='word_1_103' title='bbox 388 1342 472 1393; x_wconf 88' lang='lat' dir='ltr'><em>etiarn</em></span> <span class='ocrx_word' id='word_1_104' title='bbox 491 1341 610 1408; x_wconf 86' lang='lat' dir='ltr'><em>speciem</em></span> <span class='ocrx_word' id='word_1_105' title='bbox 629 1342 766 1394; x_wconf 78' lang='lat' dir='ltr'><em>libertatis</em></span> <span class='ocrx_word' id='word_1_106' title='bbox 787 1343 924 1410; x_wconf 83' lang='lat' dir='ltr'><em>quandam</em></span> 
     </span>
     <span class='ocr_line' id='line_1_16' title="bbox 127 1416 923 1485; baseline 0.003 -17"><span class='ocrx_word' id='word_1_107' title='bbox 127 1416 251 1480; x_wconf 86' lang='lat' dir='ltr'><em>induxit,</em></span> <span class='ocrx_word' id='word_1_108' title='bbox 267 1417 435 1468; x_wconf 83' lang='lat' dir='ltr'><em>conservatis</em></span> <span class='ocrx_word' id='word_1_109' title='bbox 449 1416 558 1468; x_wconf 86' lang='lat' dir='ltr'><em>senatui</em></span> <span class='ocrx_word' id='word_1_110' title='bbox 568 1432 601 1468; x_wconf 86' lang='lat' dir='ltr'><em>ae</em></span> <span class='ocrx_word' id='word_1_111' title='bbox 611 1418 819 1485; x_wconf 82' lang='lat' dir='ltr'><em>magistratibus</em></span> <span class='ocrx_word' id='word_1_112' title='bbox 829 1425 857 1472; x_wconf 86' lang='lat' dir='ltr'><em>et</em></span> <span class='ocrx_word' id='word_1_113' title='bbox 867 1436 923 1470; x_wconf 88' lang='lat' dir='ltr'><em>ma-</em></span> 
     </span>
     <span class='ocr_line' id='line_1_17' title="bbox 127 1491 922 1564; baseline 0.005 -22"><span class='ocrx_word' id='word_1_114' title='bbox 127 1493 227 1544; x_wconf 82' lang='lat' dir='ltr'><em>iestate</em></span> <span class='ocrx_word' id='word_1_115' title='bbox 237 1491 355 1558; x_wconf 86' lang='lat' dir='ltr'><em>pristina</em></span> <span class='ocrx_word' id='word_1_116' title='bbox 365 1498 393 1543; x_wconf 91' lang='lat' dir='ltr'><em>et</em></span> <span class='ocrx_word' id='word_1_117' title='bbox 401 1497 550 1560; x_wconf 86' lang='lat' dir='ltr'><em>potestate:</em></span> <span class='ocrx_word' id='word_1_118' title='bbox 561 1507 649 1559; x_wconf 84' lang='lat' dir='ltr'><em>neque</em></span> <span class='ocrx_word' id='word_1_119' title='bbox 659 1499 716 1544; x_wconf 89' lang='lat' dir='ltr'><em>tam</em></span> <span class='ocrx_word' id='word_1_120' title='bbox 727 1509 840 1561; x_wconf 81' lang='lat' dir='ltr'><em>parvum</em></span> <span class='ocrx_word' id='word_1_121' title='bbox 847 1497 922 1564; x_wconf 88' lang='lat' dir='ltr'><em>quie-</em></span> 
     </span>
     <span class='ocr_line' id='line_1_18' title="bbox 130 1567 924 1637; baseline 0.003 -20"><span class='ocrx_word' id='word_1_122' title='bbox 130 1581 213 1633; x_wconf 89' lang='lat' dir='ltr'><em>quam</em></span> <span class='ocrx_word' id='word_1_123' title='bbox 226 1582 314 1634; x_wconf 88' lang='lat' dir='ltr'><em>neque</em></span> <span class='ocrx_word' id='word_1_124' title='bbox 327 1572 386 1618; x_wconf 84' lang='lat' dir='ltr'><em>tum</em></span> <span class='ocrx_word' id='word_1_125' title='bbox 399 1582 527 1635; x_wconf 85' lang='lat' dir='ltr'><em>magnum</em></span> <span class='ocrx_word' id='word_1_126' title='bbox 536 1567 642 1636; x_wconf 78' lang='lat' dir='ltr'>publici</span> <span class='ocrx_word' id='word_1_127' title='bbox 651 1569 808 1637; x_wconf 88' lang='lat' dir='ltr'><em>privatique</em></span> <span class='ocrx_word' id='word_1_128' title='bbox 818 1571 924 1636; x_wconf 85' lang='lat' dir='ltr'><em>negotii</em></span> 
     </span>
     <span class='ocr_line' id='line_1_19' title="bbox 129 1641 922 1710; baseline 0.003 -16"><span class='ocrx_word' id='word_1_129' title='bbox 129 1641 196 1706; x_wconf 78' lang='lat' dir='ltr'><em>fuit,</em></span> <span class='ocrx_word' id='word_1_130' title='bbox 211 1641 244 1694; x_wconf 89' lang='lat' dir='ltr'><em>de</em></span> <span class='ocrx_word' id='word_1_131' title='bbox 255 1657 310 1710; x_wconf 91' lang='lat' dir='ltr'><em>quo</em></span> <span class='ocrx_word' id='word_1_132' title='bbox 320 1657 377 1693; x_wconf 91' lang='lat' dir='ltr'><em>non</em></span> <span class='ocrx_word' id='word_1_133' title='bbox 387 1642 422 1693; x_wconf 92' lang='lat' dir='ltr'><em>ad</em></span> <span class='ocrx_word' id='word_1_134' title='bbox 432 1641 463 1694; x_wconf 88' lang='lat' dir='ltr'><em>P.</em></span> <span class='ocrx_word' id='word_1_135' title='bbox 476 1644 505 1694; x_wconf 85' lang='lat' dir='ltr'><em>G.</em></span> <span class='ocrx_word' id='word_1_136' title='bbox 517 1642 677 1706; x_wconf 84' lang='lat' dir='ltr'><em>referretur3</em></span> <span class='ocrx_word' id='word_1_137' title='bbox 699 1643 732 1696; x_wconf 88' lang='lat' dir='ltr'><em>de</em></span> <span class='ocrx_word' id='word_1_138' title='bbox 741 1644 922 1710; x_wconf 83' lang='lat' dir='ltr'><em>vectigalibus</em></span> 
     </span>
     <span class='ocr_line' id='line_1_20' title="bbox 129 1716 922 1786; baseline 0.003 -18"><span class='ocrx_word' id='word_1_139' title='bbox 129 1731 166 1769; x_wconf 82' lang='lat' dir='ltr'><em>ac</em></span> <span class='ocrx_word' id='word_1_140' title='bbox 173 1717 350 1785; x_wconf 86' lang='lat' dir='ltr'><em>monopoliis,</em></span> <span class='ocrx_word' id='word_1_141' title='bbox 358 1716 390 1769; x_wconf 88' lang='lat' dir='ltr'><em>de</em></span> <span class='ocrx_word' id='word_1_142' title='bbox 401 1719 573 1770; x_wconf 83' lang='lat' dir='ltr'><em>exstruendis</em></span> <span class='ocrx_word' id='word_1_143' title='bbox 582 1719 772 1771; x_wconf 79' lang='lat' dir='ltr'><em>reficiendisue</em></span> <span class='ocrx_word' id='word_1_144' title='bbox 783 1721 922 1786; x_wconf 83' lang='lat' dir='ltr'><em>operibus,</em></span> 
     </span>
     <span class='ocr_line' id='line_1_21' title="bbox 129 1791 922 1862; baseline 0.003 -18"><span class='ocrx_word' id='word_1_145' title='bbox 129 1793 214 1844; x_wconf 83' lang='lat' dir='ltr'><em>etlam</em></span> <span class='ocrx_word' id='word_1_146' title='bbox 224 1793 258 1845; x_wconf 83' lang='lat' dir='ltr'><em>de</em></span> <span class='ocrx_word' id='word_1_147' title='bbox 268 1791 383 1861; x_wconf 83' lang='lat' dir='ltr'><em>legendo</em></span> <span class='ocrx_word' id='word_1_148' title='bbox 393 1793 438 1846; x_wconf 86' lang='lat' dir='ltr'><em>rel</em></span> <span class='ocrx_word' id='word_1_149' title='bbox 448 1794 653 1846; x_wconf 82' lang='lat' dir='ltr'><em>exauctorando</em></span> <span class='ocrx_word' id='word_1_150' title='bbox 665 1795 766 1858; x_wconf 89' lang='lat' dir='ltr'><em>milite,</em></span> <span class='ocrx_word' id='word_1_151' title='bbox 788 1810 821 1846; x_wconf 85' lang='lat' dir='ltr'><em>ac</em></span> <span class='ocrx_word' id='word_1_152' title='bbox 836 1795 922 1862; x_wconf 83' lang='lat' dir='ltr'><em>legio-</em></span> 
     </span>
     <span class='ocr_line' id='line_1_22' title="bbox 126 1868 922 1936; baseline 0 -16"><span class='ocrx_word' id='word_1_153' title='bbox 126 1883 192 1920; x_wconf 87' lang='lat' dir='ltr'><em>num</em></span> <span class='ocrx_word' id='word_1_154' title='bbox 213 1874 242 1920; x_wconf 88' lang='lat' dir='ltr'><em>et</em></span> <span class='ocrx_word' id='word_1_155' title='bbox 260 1869 427 1920; x_wconf 83' lang='lat' dir='ltr'><em>auxiliorum</em></span> <span class='ocrx_word' id='word_1_156' title='bbox 448 1868 645 1935; x_wconf 80' lang='lat' dir='ltr'><em>descriptione:</em></span> <span class='ocrx_word' id='word_1_157' title='bbox 671 1869 800 1936; x_wconf 85' lang='lat' dir='ltr'><em>denique,</em></span> <span class='ocrx_word' id='word_1_158' title='bbox 823 1871 922 1936; x_wconf 86' lang='lat' dir='ltr'><em>quibus</em></span> 
     </span>
     <span class='ocr_line' id='line_1_23' title="bbox 125 1942 923 2013; baseline -0.003 -17"><span class='ocrx_word' id='word_1_159' title='bbox 125 1944 273 2013; x_wconf 81' lang='lat' dir='ltr'><em>imperium</em></span> <span class='ocrx_word' id='word_1_160' title='bbox 282 1945 441 2012; x_wconf 87' lang='lat' dir='ltr'><em>prorogari,</em></span> <span class='ocrx_word' id='word_1_161' title='bbox 464 1948 512 1994; x_wconf 88' lang='lat' dir='ltr'><em>aut</em></span> <span class='ocrx_word' id='word_1_162' title='bbox 525 1942 746 1994; x_wconf 82' lang='lat' dir='ltr'><em>extraordinaria</em></span> <span class='ocrx_word' id='word_1_163' title='bbox 760 1942 834 1994; x_wconf 89' lang='lat' dir='ltr'><em>bella</em></span> <span class='ocrx_word' id='word_1_164' title='bbox 847 1959 923 1994; x_wconf 87' lang='lat' dir='ltr'><em>man·</em></span> 
     </span>
     <span class='ocr_line' id='line_1_24' title="bbox 52 2017 923 2087; baseline 0 -17"><span class='ocrx_word' id='word_1_165' title='bbox 52 2023 54 2028; x_wconf 88' lang='grc'><strong>’</strong></span> <span class='ocrx_word' id='word_1_166' title='bbox 126 2019 201 2084; x_wconf 83' lang='lat' dir='ltr'><em>dari,</em></span> <span class='ocrx_word' id='word_1_167' title='bbox 218 2019 284 2087; x_wconf 87' lang='lat' dir='ltr'><em>quid</em></span> <span class='ocrx_word' id='word_1_168' title='bbox 300 2024 328 2071; x_wconf 88' lang='lat' dir='ltr'><em>et</em></span> <span class='ocrx_word' id='word_1_169' title='bbox 338 2034 392 2086; x_wconf 87' lang='lat' dir='ltr'><em>qua</em></span> <span class='ocrx_word' id='word_1_170' title='bbox 401 2019 491 2070; x_wconf 81' lang='lat' dir='ltr'><em>forma</em></span> <span class='ocrx_word' id='word_1_171' title='bbox 500 2032 595 2085; x_wconf 86' lang='lat' dir='ltr'><em>regum</em></span> <span class='ocrx_word' id='word_1_172' title='bbox 606 2017 693 2068; x_wconf 90' lang='lat' dir='ltr'><em>literis</em></span> <span class='ocrx_word' id='word_1_173' title='bbox 703 2017 819 2068; x_wconf 84' lang='lat' dir='ltr'><em>rescribi</em></span> <span class='ocrx_word' id='word_1_174' title='bbox 832 2018 923 2084; x_wconf 84' lang='lat' dir='ltr'><em>plaee-</em></span> 
     </span>
     <span class='ocr_line' id='line_1_25' title="bbox 124 2092 923 2166; baseline 0 -21"><span class='ocrx_word' id='word_1_175' title='bbox 124 2098 177 2146; x_wconf 89' lang='lat' dir='ltr'><em>ret.</em></span> <span class='ocrx_word' id='word_1_176' title='bbox 216 2092 388 2145; x_wconf 79' lang='lat' dir='ltr'><em>Praefectum</em></span> <span class='ocrx_word' id='word_1_177' title='bbox 397 2094 468 2159; x_wconf 73' lang='lat' dir='ltr'><em>alae,</em></span> <span class='ocrx_word' id='word_1_178' title='bbox 480 2094 513 2145; x_wconf 87' lang='lat' dir='ltr'><em>de</em></span> <span class='ocrx_word' id='word_1_179' title='bbox 523 2094 552 2144; x_wconf 90' lang='lat' dir='ltr'><em>vi</em></span> <span class='ocrx_word' id='word_1_180' title='bbox 562 2100 590 2144; x_wconf 88' lang='lat' dir='ltr'><em>et</em></span> <span class='ocrx_word' id='word_1_181' title='bbox 599 2092 704 2160; x_wconf 87' lang='lat' dir='ltr'><em>rapinis</em></span> <span class='ocrx_word' id='word_1_182' title='bbox 714 2108 799 2166; x_wconf 76' lang='lat' dir='ltr'><em>repm,</em></span> <span class='ocrx_word' id='word_1_183' title='bbox 811 2107 923 2145; x_wconf 86' lang='lat' dir='ltr'><em>eausam</em></span> 
     </span>
     <span class='ocr_line' id='line_1_26' title="bbox 124 2168 921 2238; baseline 0.003 -18"><span class='ocrx_word' id='word_1_184' title='bbox 124 2170 156 2221; x_wconf 84' lang='lat' dir='ltr'><em>iu</em></span> <span class='ocrx_word' id='word_1_185' title='bbox 165 2175 263 2220; x_wconf 88' lang='lat' dir='ltr'><em>senatu</em></span> <span class='ocrx_word' id='word_1_186' title='bbox 273 2168 363 2222; x_wconf 84' lang='lat' dir='ltr'><em>diacre</em></span> <span class='ocrx_word' id='word_1_187' title='bbox 375 2171 473 2238; x_wconf 74' lang='lat' dir='ltr'><em>coegit·</em></span> <span class='ocrx_word' id='word_1_188' title='bbox 507 2168 654 2236; x_wconf 83' lang='lat' dir='ltr'><em>Nunquam</em></span> <span class='ocrx_word' id='word_1_189' title='bbox 665 2168 769 2220; x_wconf 85' lang='lat' dir='ltr'><em>curiam</em></span> <span class='ocrx_word' id='word_1_190' title='bbox 779 2169 834 2220; x_wconf 87' lang='lat' dir='ltr'><em>nisi</em></span> <span class='ocrx_word' id='word_1_191' title='bbox 844 2169 921 2222; x_wconf 88' lang='lat' dir='ltr'><em>solus</em></span> 
     </span>
     <span class='ocr_line' id='line_1_27' title="bbox 123 2244 921 2313; baseline 0.001 -18"><span class='ocrx_word' id='word_1_192' title='bbox 123 2245 252 2296; x_wconf 74' lang='lat' dir='ltr'><em>irruerit:</em></span> <span class='ocrx_word' id='word_1_193' title='bbox 273 2245 371 2297; x_wconf 83' lang='lat' dir='ltr'><em>lectica</em></span> <span class='ocrx_word' id='word_1_194' title='bbox 382 2246 521 2312; x_wconf 87' lang='lat' dir='ltr'><em>quondam</em></span> <span class='ocrx_word' id='word_1_195' title='bbox 529 2244 678 2297; x_wconf 80' lang='lat' dir='ltr'><em>introlatus</em></span> <span class='ocrx_word' id='word_1_196' title='bbox 690 2259 784 2313; x_wconf 83' lang='lat' dir='ltr'><em>aeger,</em></span> <span class='ocrx_word' id='word_1_197' title='bbox 806 2247 921 2298; x_wconf 83' lang='lat' dir='ltr'><em>comites</em></span> 
     </span>
     <span class='ocr_line' id='line_1_28' title="bbox 125 2321 318 2372; baseline 0 -2"><span class='ocrx_word' id='word_1_198' title='bbox 125 2335 183 2372; x_wconf 87' lang='lat' dir='ltr'><em>ase</em></span> <span class='ocrx_word' id='word_1_199' title='bbox 191 2321 318 2371; x_wconf 86' lang='lat' dir='ltr'><em>removit.</em></span> 
     </span>
    </p>

    <p class='ocr_par' dir='ltr' id='par_1_5' title="bbox 120 2393 921 2840">
     <span class='ocr_line' id='line_1_29' title="bbox 179 2393 920 2456; baseline -0.001 -10"><span class='ocrx_word' id='word_1_200' title='bbox 179 2393 283 2446; x_wconf 80' lang='lat' dir='ltr'><strong>XXXI.</strong></span> <span class='ocrx_word' id='word_1_201' title='bbox 304 2394 445 2456; x_wconf 74' lang='lat' dir='ltr'><em>Quaedam</em></span> <span class='ocrx_word' id='word_1_202' title='bbox 461 2395 591 2447; x_wconf 85' lang='lat' dir='ltr'><em>adversus</em></span> <span class='ocrx_word' id='word_1_203' title='bbox 607 2396 770 2450; x_wconf 84' lang='lat' dir='ltr'><em>sententiam</em></span> <span class='ocrx_word' id='word_1_204' title='bbox 785 2409 863 2446; x_wconf 88' lang='lat' dir='ltr'><em>suam</em></span> <span class='ocrx_word' id='word_1_205' title='bbox 874 2393 920 2445; x_wconf 81' lang='lat' dir='ltr'><em>‹ie-</em></span> 
     </span>
     <span class='ocr_line' id='line_1_30' title="bbox 123 2469 920 2538; baseline -0.004 -18"><span class='ocrx_word' id='word_1_206' title='bbox 123 2469 213 2534; x_wconf 86' lang='lat' dir='ltr'><em>cernl‚</em></span> <span class='ocrx_word' id='word_1_207' title='bbox 227 2485 262 2520; x_wconf 87' lang='lat' dir='ltr'><em>ne</em></span> <span class='ocrx_word' id='word_1_208' title='bbox 272 2475 383 2536; x_wconf 85' lang='lat' dir='ltr'><em>questus</em></span> <span class='ocrx_word' id='word_1_209' title='bbox 394 2469 503 2537; x_wconf 85' lang='lat' dir='ltr'><em>quidem</em></span> <span class='ocrx_word' id='word_1_210' title='bbox 514 2477 563 2522; x_wconf 89' lang='lat' dir='ltr'><em>est.</em></span> <span class='ocrx_word' id='word_1_211' title='bbox 602 2470 726 2538; x_wconf 84' lang='lat' dir='ltr'><em>Negante</em></span> <span class='ocrx_word' id='word_1_212' title='bbox 737 2484 784 2533; x_wconf 88' lang='lat' dir='ltr'><em>eo,</em></span> <span class='ocrx_word' id='word_1_213' title='bbox 800 2469 920 2519; x_wconf 84' lang='lat' dir='ltr'><em>destina-</em></span> 
     </span>
     <span class='ocr_line' id='line_1_31' title="bbox 121 2541 921 2614; baseline 0 -18"><span class='ocrx_word' id='word_1_214' title='bbox 121 2550 169 2596; x_wconf 84' lang='lat' dir='ltr'><em>tos</em></span> <span class='ocrx_word' id='word_1_215' title='bbox 179 2545 358 2611; x_wconf 75' lang='lat' dir='ltr'><em>magistratus</em></span> <span class='ocrx_word' id='word_1_216' title='bbox 369 2545 464 2596; x_wconf 89' lang='lat' dir='ltr'><em>abesse</em></span> <span class='ocrx_word' id='word_1_217' title='bbox 476 2551 611 2614; x_wconf 86' lang='lat' dir='ltr'><em>oportere,</em></span> <span class='ocrx_word' id='word_1_218' title='bbox 618 2541 921 2612; x_wconf 86' lang='lat' dir='ltr'><em>utpraesenteshonorl</em></span> 
     </span>
     <span class='ocr_line' id='line_1_32' title="bbox 122 2617 920 2689; baseline -0.005 -17"><span class='ocrx_word' id='word_1_219' title='bbox 122 2619 744 2689; x_wconf 69' lang='lat' dir='ltr'><em>acquiescerent,praetordesignatusliberam</em></span> <span class='ocrx_word' id='word_1_220' title='bbox 753 2617 920 2682; x_wconf 85' lang='lat' dir='ltr'><em>legationem</em></span> 
     </span>
     <span class='ocr_line' id='line_1_33' title="bbox 120 2690 919 2763; baseline -0.008 -16"><span class='ocrx_word' id='word_1_221' title='bbox 120 2695 291 2763; x_wconf 82' lang='lat' dir='ltr'><em>impetrarit.</em></span> <span class='ocrx_word' id='word_1_222' title='bbox 329 2694 430 2747; x_wconf 87' lang='lat' dir='ltr'><em>lterum</em></span> <span class='ocrx_word' id='word_1_223' title='bbox 445 2700 582 2756; x_wconf 86' lang='lat' dir='ltr'><em>censente,</em></span> <span class='ocrx_word' id='word_1_224' title='bbox 597 2698 629 2742; x_wconf 92' lang='lat' dir='ltr'><em>ut</em></span> <span class='ocrx_word' id='word_1_225' title='bbox 638 2691 785 2742; x_wconf 82' lang='lat' dir='ltr'><em>Trebianis</em></span> <span class='ocrx_word' id='word_1_226' title='bbox 800 2690 919 2758; x_wconf 83' lang='lat' dir='ltr'><em>legatam</em></span> 
     </span>
     <span class='ocr_line' id='line_1_34' title="bbox 120 2765 919 2840; baseline -0.01 -16"><span class='ocrx_word' id='word_1_227' title='bbox 120 2771 152 2824; x_wconf 89' lang='lat' dir='ltr'><em>ln</em></span> <span class='ocrx_word' id='word_1_228' title='bbox 172 2787 243 2840; x_wconf 86' lang='lat' dir='ltr'><em>opus</em></span> <span class='ocrx_word' id='word_1_229' title='bbox 257 2771 325 2826; x_wconf 78' lang='lat' dir='ltr'><em>nori</em></span> <span class='ocrx_word' id='word_1_230' title='bbox 337 2769 439 2822; x_wconf 81' lang='lat' dir='ltr'><em>theatri</em></span> <span class='ocrx_word' id='word_1_231' title='bbox 453 2768 598 2837; x_wconf 87' lang='lat' dir='ltr'><em>pecuniam</em></span> <span class='ocrx_word' id='word_1_232' title='bbox 615 2766 650 2817; x_wconf 84' lang='lat' dir='ltr'><em>ad</em></span> <span class='ocrx_word' id='word_1_233' title='bbox 665 2765 844 2820; x_wconf 89' lang='lat' dir='ltr'><em>munitionem</em></span> <span class='ocrx_word' id='word_1_234' title='bbox 857 2767 919 2819; x_wconf 87' lang='lat' dir='ltr'><em>riae</em></span> 
     </span>
    </p>
   </div>
   <div class='ocr_carea' id='block_1_3' title="bbox 677 2860 713 2903">
    <p class='ocr_par' dir='ltr' id='par_1_6' title="bbox 677 2860 713 2903">
     <span class='ocr_line' id='line_1_35' title="bbox 677 2860 713 2903; baseline 0.028 -1"><span class='ocrx_word' id='word_1_235' title='bbox 677 2860 713 2903; x_wconf 79' lang='lat'><em>12</em></span> 
     </span>
    </p>
   </div>
   <div class='ocr_carea' id='block_1_4' title="bbox 0 0 1030 3034">
    <p class='ocr_par' dir='ltr' id='par_1_7' title="bbox 0 0 1030 3034">
     <span class='ocr_line' id='line_1_36' title="bbox 0 0 1030 3034; baseline 0 2"><span class='ocrx_word' id='word_1_236' title='bbox 0 0 1030 3034; x_wconf 95' lang='lat' dir='ltr'><em> </em></span> 
     </span>
    </p>
   </div>
  </div>
 </body>
</html>
