2036 3022
120 259 169 317 idi
398 264 425 316 C.
448 259 631 316 surrenti

157 389 237 444 .xl1.
257 389 318 444 Hos
341 391 423 444 ludos
443 394 578 462 spectavit
597 410 611 445 e
631 389 769 460 proscenii
788 387 917 456 fastigio.

118 467 246 532 Munere,
268 467 342 535 qnod
362 467 391 518 in
411 465 612 536 amphitheatro
628 467 732 534 ligneo,
753 466 782 515 in
802 465 919 532 regione

118 543 216 594 Martii
227 544 317 609 campi
326 541 399 594 intra
411 545 476 597 enni
486 545 605 612 spatium
616 542 762 604 fabricato,
774 537 861 603 dedit,
872 554 919 590 ne-

119 619 219 670 minem
231 617 344 682 occidit,
359 633 393 668 ue
407 618 555 670 noxiorum
566 618 683 687 quidem.
722 613 859 666 Exhibuit
870 629 918 664 an-

119 699 174 744 tem
189 692 225 744 ad
239 691 340 743 ferrum
355 693 438 744 etiam
454 693 668 762 quadringentos
684 696 840 754 senatores,
856 703 918 740 sex·

121 772 268 835 centosque
289 767 393 833 equites
414 767 567 834 Romanos,
589 775 616 821 et
631 766 765 836 quosdam
785 764 919 816 fortunae

120 848 202 909 atque
217 841 429 894 existimationis
448 844 590 912 integrae3
611 857 644 895 ex
657 842 755 893 iisdem
771 840 918 894 ordinibus
1001 899 1002 904 Ἰ

120 916 292 969 coniectores
303 932 411 985 quoque
422 917 542 970 serarum
553 925 580 970 et
589 919 668 970 varia
683 932 782 968 arenae
792 916 918 966 ministe-
1001 923 1002 962 ι

119 993 171 1043 ria.
210 991 343 1044 Exhibuit
356 999 384 1046 et
396 992 602 1059 naumachiam,
613 993 721 1044 marina
732 1006 806 1060 aqua
820 991 917 1040 inuan-

119 1068 193 1120 tibus
208 1067 326 1131 belluis;
350 1069 415 1120 item
435 1065 599 1136 pyrrhichas
614 1068 747 1136 quasdam
768 1083 783 1118 e
802 1080 917 1117 numero

120 1139 299 1212 epheborum,
316 1144 415 1212 quibus
434 1151 498 1211 post
512 1144 614 1195 editam
630 1153 742 1212 operam
763 1141 919 1210 diplomata

121 1219 241 1270 civitatis
252 1218 393 1272 Romanae
404 1219 520 1287 singulis
532 1219 641 1271 obtulit.
670 1218 745 1270 luter
754 1214 917 1284 pyrrhicha-

65 1330 66 1333 ι
120 1309 180 1345 rum
195 1300 366 1361 argumenta,
387 1300 483 1346 taurus
497 1292 654 1362 Pasiphaen
673 1293 765 1362 ligneo
785 1293 918 1344 iuvencae

120 1369 268 1420 simulacro
281 1369 403 1421 abditam
413 1371 489 1435 iniit,
504 1376 536 1420 ut
544 1369 625 1420 multi
635 1367 820 1436 spectantium
831 1366 918 1418 credi-

121 1443 226 1494 dement.
251 1443 345 1496 lcanu
356 1444 444 1513 primo
456 1409 549 1496 sthtim
561 1450 662 1496 conatu
672 1445 750 1494 iuxta
761 1441 918 1494 cubiculum

120 1519 180 1570 eius
196 1518 334 1583 ιίεοίᾶὶῐ,Ι
325 1535 470 1588 ipsumque
485 1536 582 1572 cruore
595 1518 735 1607 respersit.
775 1517 848 1570 Nam
858 1532 919 1585 per·

120 1610 185 1646 raro
206 1594 376 1662 praesidere,
399 1600 518 1647 ceterum
539 1596 676 1647 accubans
690 1595 809 1664 primurn
824 1591 918 1661 parvis

120 1669 317 1733 foraminibus,
333 1669 431 1720 deinde
444 1676 505 1722 toto
521 1671 607 1739 podio
624 1670 770 1737 adaperto,
792 1675 917 1736 spectare

122 1750 310 1796 consueverat.
361 1743 484 1797 Instituit
507 1753 538 1800 et
558 1746 759 1815 quinquennale
780 1750 919 1795 certamen

121 1821 226 1888 primus
238 1820 359 1871 omnium
368 1819 485 1886 Romae,
500 1837 576 1873 nrore
588 1819 695 1872 Graeco
706 1820 821 1888 triplex,
838 1818 919 1870 musi-

123 1911 197 1962 cum,
208 1896 378 1964 gymnicum,
390 1902 528 1964 equestre,
540 1896 614 1964 quod
626 1895 777 1964 appellavit
787 1893 919 1946 Neronia:

123 1969 430 2040 dedicatisquethermis
441 1978 523 2041 atque
533 1972 689 2040 gymnasio,
695 1970 804 2021 senatui
810 1984 920 2038 quoque

123 2053 151 2098 et
166 2049 253 2117 equiti
269 2047 359 2098 oleum
372 2049 508 2116 praebuit.
547 2047 701 2114 Magistros
710 2045 765 2097 toti
776 2044 921 2096 certamini

123 2123 286 2190 praeposuit
297 2123 456 2195 consulares
467 2129 550 2186 sorte,
562 2121 627 2173 sede
638 2125 810 2190 praetorum:
823 2119 919 2172 deinde

123 2196 153 2247 in
165 2195 332 2248 orchestram
344 2195 920 2265 senatumquedescendit,etorationisqui-
1001 2191 1002 2202 ¹

124 2272 185 2324 dem
196 2272 378 2342 carminisque
388 2271 485 2324 Latini
495 2287 639 2336 coronam,
650 2271 683 2323 de
695 2287 750 2340 qna
760 2268 921 2322 honestissi·
1001 2277 1002 2286 ²

125 2363 185 2408 mus
197 2347 312 2416 quisque
323 2349 512 2412 contenderat,
527 2347 651 2414 ipsorum
663 2361 800 2398 consensu
810 2343 921 2398 conces-

126 2438 184 2472 sam
200 2423 255 2473 sibi
268 2425 390 2491 recepit3
411 2421 533 2474 citharae
549 2428 639 2472 autem
655 2437 673 2472 a
686 2421 828 2472 iudicibus
844 2421 921 2472 adse

126 2496 246 2548 delatam
260 2497 400 2563 adoravit,
414 2497 535 2565 ferrique
551 2497 586 2548 ad
599 2497 717 2564 Augusti
731 2502 853 2547 statuam
867 2497 921 2547 ius-

127 2570 171 2620 sit.
212 2570 362 2638 Gymnico,
378 2571 453 2640 quod
466 2573 496 2624 in
511 2571 601 2660 Septis
616 2571 727 2634 edebat,
739 2571 812 2623 inter
821 2569 921 2638 buthy-

127 2643 185 2696 siae
200 2653 374 2712 apparatum,
389 2647 504 2699 barbam
519 2645 636 2714 primam
650 2647 757 2714 posuit,
769 2646 921 2700 conditam-

128 2719 219 2780 quein
230 2733 339 2770 auream
351 2722 495 2787 pyxidem,
507 2727 534 2774 et
544 2721 751 2789 pretiosissimis
762 2722 920 2788 margaritis

129 2786 303 2856 adornatam,
325 2793 465 2862 Capitolio
482 2796 660 2850 consecravit.
700 2793 741 2846 Ad
756 2794 919 2850 athletarum
