2050 3034
158 208 208 262 loo
434 209 462 256 c.
490 196 678 258 s'unronll

158 337 212 390 Sed
222 341 254 388 ut
264 335 371 387 demum
386 333 445 388 fato
460 334 582 388 functum
597 335 690 404 palam
705 335 809 387 factum
825 339 881 400 est,
900 347 961 388 uon
1010 315 1011 332 ³

155 411 266 464 solatiis
277 411 351 475 ullis,
361 427 418 463 non
428 411 526 462 edictis
537 410 657 462 inhiberi
666 410 757 462 luctus
767 410 898 478 publicus
907 426 959 478 po-

111 517 115 524 ·
155 488 222 552 tuit,
244 487 406 554 duravitque
422 487 506 538 etiam
520 502 569 554 per
583 485 670 538 festos
681 485 843 537 Decembris
854 486 959 536 mensis

159 564 224 616 dies.
254 563 338 613 Auxit
347 562 466 628 gloriam
476 562 697 630 desideriumque
708 559 833 612 defuncti
842 567 871 612 et
882 566 957 612 atro·

157 638 227 688 citas
245 637 446 703 insequentium
465 642 632 704 temporum3
657 637 762 688 caudis
781 652 834 688 nec
852 641 956 688 temere

157 711 348 780 opinantibus,
363 712 516 762 reverentia
530 713 589 766 eius
605 728 638 762 ac
651 717 726 764 metu
739 725 897 780 repressam
908 711 955 761 Ti·
1010 719 1011 788 ζ

154 787 227 840 berii
237 785 390 849 saevitiam,
402 802 473 853 quae
483 803 549 838 mox
560 787 688 855 eruperit.

209 860 270 912 Vll.
282 860 389 912 Habuit
398 862 427 912 in
435 861 954 930 matrimonioAgrippinam,M.Agrip-
1010 863 1011 880 ³

154 951 207 1004 pae
218 935 335 988 etluliae
346 937 440 1000 filiam,
448 944 475 988 et
485 952 518 988 ex
529 953 670 989 canorem
681 937 784 988 liberos
794 936 874 988 tulit:
887 953 954 1004 quo-

154 1027 216 1064 rum
227 1011 281 1063 duo
291 1010 411 1063 infantes
423 1010 513 1063 adhuc
523 1012 608 1080 rapti;
628 1011 765 1064 amessiam
775 1027 952 1080 puerascens,
1010 1041 1011 1048 ι

154 1087 258 1155 insigni
267 1085 429 1151 festivitate,
446 1088 523 1138 cuius
534 1087 650 1154 effigiem
660 1085 758 1139 habitu
768 1087 915 1155 Cupidinis
924 1087 952 1136 in

155 1161 223 1214 aede
234 1162 407 1231 Capitolinae
417 1159 533 1214 Veneris
543 1161 626 1212 Livia
640 1162 791 1225 dedicarit,
811 1162 952 1230 Augustus

152 1238 183 1288 in
203 1237 331 1290 cubiculo
351 1252 402 1288 suo
423 1237 556 1303 positam,
578 1237 794 1304 quotiescunque
812 1237 952 1302 introiret,
1010 1271 1011 1274 =

155 1312 377 1364 exosculabatur.
408 1312 499 1363 Ceteri
509 1313 670 1379 superstites
681 1311 886 1379 patuluerunt,
896 1319 952 1363 tres
1010 1337 1011 1376 5

154 1402 236 1438 sexus
246 1386 380 1451 lemnum,
386 1387 546 1455 Agrippina,
552 1386 686 1451 Drusilla,
693 1386 805 1450 Liuilla,
818 1387 951 1438 continuo

153 1462 273 1513 triennio
285 1467 380 1524 natae3
400 1463 517 1514 totidem
527 1478 626 1526 mares,
638 1461 711 1514 Nero
724 1467 751 1513 et
760 1460 870 1512 Drusus
881 1469 911 1513 et
922 1461 951 1513 C
1010 1451 1011 1496 l

155 1537 267 1588 Caesar
305 1535 443 1588 Neronem
454 1543 481 1588 et
491 1535 612 1589 Drusum
628 1543 751 1601 senatus,
772 1537 889 1589 Tiberio
901 1537 951 1588 cri-

153 1613 283 1674 minante,
294 1610 387 1662 hostes
396 1611 540 1662 iudicavit.

208 1685 281 1736 Vlll.
294 1686 324 1736 C.
337 1686 439 1736 Caesar
448 1691 530 1736 natus
541 1684 950 1755 estpridieKalendasSeptem-
1010 1657 1011 1690 ᾖ

153 1761 228 1824 bres,
248 1766 327 1828 patre
342 1776 392 1811 suo
407 1767 435 1812 et
451 1761 480 1811 C.
496 1761 614 1814 Fonteio
630 1762 763 1828 Capitone
780 1762 950 1814 consulibus.

152 1835 207 1886 Ubi
216 1841 297 1886 natus
309 1836 358 1900 sit,
378 1836 512 1888 incernam
529 1837 674 1889 diversitas
689 1837 858 1888 tradentium
873 1837 950 1889 iacit.

154 1911 202 1962 Cn.
223 1910 357 1963 Lentulus
385 1910 545 1963 Gaetulicus
570 1911 670 1963 Tiburi
694 1913 816 1978 genitum
840 1914 950 1964 scribit:

151 1985 259 2039 Plinius
271 1986 411 2039 Secundus
422 1988 451 2038 iu
461 1987 597 2050 Treveris,
609 1987 671 2038 rico
683 1987 856 2052 Ambiatino,
867 2003 951 2057 supra

153 2062 340 2114 Confluentes.
366 2062 444 2113 addit
459 2063 542 2113 etiam
558 2077 608 2128 pro
630 2069 805 2130 argumento,
827 2079 893 2114 aras
911 2064 950 2114 ibi

154 2137 276 2200 ostendi,
301 2137 462 2204 inscriptas,
488 2136 535 2186 ΟΒ
553 2135 774 2198 AGRIPPINAE
795 2137 949 2189 PUERPE-
1010 2133 1011 2190 ἶ

153 2209 254 2260 RlUM.
279 2210 426 2275 Versiculi,
437 2213 589 2276 imperante
599 2227 664 2262 mox
676 2229 708 2263 eo
720 2210 866 2279 divulgati,
879 2212 1011 2281 apud

153 2283 282 2336 hibernas
292 2285 415 2352 legiones
425 2292 600 2353 procreatum
610 2287 748 2338 indicant.

229 2359 261 2411 Ia
273 2359 367 2412 curnis
378 2369 457 2412 notus
457 2359 572 2428 ,patriis
583 2361 699 2413 nutritus
709 2361 737 2412 ia
748 2361 840 2428 armis,

266 2434 325 2487 Iam
336 2435 470 2505 designati
474 2434 604 2503 principis
614 2452 688 2488 omen
699 2446 765 2488 erat.

152 2510 212 2577 Ego
227 2512 256 2562 in
271 2512 341 2562 actis
355 2506 554 2563 Antii'invenio
570 2511 683 2564 editum.
724 2510 901 2564 Gaetulicum
910 2527 950 2564 re·

152 2585 226 2636 lellit
235 2586 351 2652 Plinius,
358 2587 439 2654 qnasi
448 2588 591 2639 mentitum
603 2603 652 2654 per
663 2586 862 2651 adulationem,
873 2593 907 2640 ut
916 2587 951 2638 ad

152 2658 248 2711 laudes
259 2661 365 2714 iuvenis
375 2662 547 2731 gloriosique
558 2662 691 2729 principis
703 2662 810 2729 aliquid
821 2663 907 2715 etiam
918 2678 951 2715 ex
1010 2713 1011 2718 ,

152 2735 220 2787 urbe
235 2735 349 2788 llerculi
364 2753 445 2791 sacra
458 2742 589 2802 sumeret3
614 2739 783 2808 abusumque
804 2737 950 2791 audentius
