2050 3034
134 233 190 301 aar,
413 233 439 277 c.
468 229 653 278 sunronn

134 374 196 411 eum
209 372 319 426 quoque
331 356 408 408 adire
418 357 447 406 in
461 352 605 422 provincia
619 351 697 402 iussi.
739 348 793 402 Sed
803 351 942 402 nunciata

134 432 242 500 lllyrici
251 431 413 494 defectione,
419 429 531 480 traniit
541 429 577 478 ad
588 441 680 477 curam
692 424 758 477 novi
768 424 849 475 belli:
863 425 940 492 quod

134 507 327 576 gravissimum
339 507 460 558 omnium
472 510 647 555 externorum
657 500 793 551 bellorum
805 507 874 566 post
885 499 939 550 Pn-

133 583 212 646 nica,
233 597 282 650 per
297 580 453 648 quindecim
469 579 591 646 legiones
605 590 754 644 paremque
766 574 938 625 auxiliorum

135 657 256 724 replum,
277 654 397 706 triennio
412 653 509 720 gessit,
530 652 559 702 in
574 651 681 718 magnis
702 649 825 702 omnium
844 665 938 700 rerum

135 729 345 783 difficultatibus
359 743 519 794 summaque
533 727 641 794 frugum
656 725 761 793 inopia.
801 724 839 774 Et
850 739 939 791 quan-

134 821 216 873 quam
228 804 338 871 saepius
349 808 538 866 revocaretur,
559 808 651 863 tamen
660 800 860 868 perseveravit,
882 815 939 850 me·

133 885 225 943 tuens,
246 894 282 930 ne
296 878 403 929 vicinus
419 883 446 928 et
459 877 621 945 praevalens
632 875 721 927 hostis
731 876 850 926 instaret
859 874 938 925 ultro

134 953 303 1005 cedentibus.
337 953 376 1004 Ac
385 952 606 1019 perseverantiae
616 950 720 1018 grande
730 949 850 1016 pretium
860 949 937 1013 tulit,

133 1035 194 1081 toto
205 1029 330 1096 illyrico,
342 1028 417 1095 quod
427 1029 499 1078 inter
506 1026 615 1078 ltaliam
627 1023 937 1092 regnumqueNoricum

134 1111 161 1156 et
171 1103 320 1156 Thraciam
331 1109 359 1155 et
367 1096 563 1154 Macedoniam
577 1101 702 1168 interque
713 1098 874 1149 Danubium
887 1099 937 1149 llu-

133 1194 194 1231 men
205 1185 233 1230 et
243 1180 331 1229 sinum
346 1178 431 1228 maris
441 1176 577 1227 Adriatici
591 1181 679 1243 patet,
700 1172 858 1243 perdomito
870 1179 899 1224 et
908 1175 937 1224 in

134 1253 266 1305 ditionem
276 1251 399 1303 redacto.

188 1327 275 1378 XVII.
298 1326 349 1377 Cui
363 1326 469 1392 gloriae
485 1325 604 1393 amplior
618 1322 708 1375 adhuc
722 1337 755 1374 ex
772 1323 938 1390 opportuni-

133 1407 189 1452 tate
201 1400 325 1451 cumulus
337 1401 461 1451 accessit.
477 1399 549 1451 Nam
560 1400 610 1452 sub
621 1399 651 1450 id
660 1398 718 1450 iere
728 1404 836 1465 tempus
849 1398 937 1459 Quin-

134 1475 226 1526 ctilius
236 1473 327 1527 Varus
344 1491 404 1526 cum
419 1475 508 1526 tribus
519 1475 675 1541 legionibus
686 1475 715 1524 in
727 1471 879 1524 Germania
889 1487 937 1541 pe·

133 1551 193 1612 riit;
213 1551 321 1602 nemine
337 1550 492 1612 dubitante,
516 1549 581 1615 quin
595 1549 714 1600 victores
727 1545 860 1598 Germani
874 1549 937 1598 iun-

134 1626 206 1676 cturi
217 1624 403 1676 sePannoniis
413 1623 524 1686 firerint,
535 1623 591 1673 nisi
601 1622 768 1674 debellatum
779 1623 857 1690 prius
867 1622 936 1689 llly-

134 1700 219 1749 ricum
231 1704 312 1748 esset.
354 1697 429 1758 Quas
441 1698 476 1748 ob
487 1713 531 1749 res
540 1697 695 1764 triumphus
707 1698 733 1748 ei
744 1697 871 1748 decretus
883 1704 935 1761 est,

132 1771 267 1840 multique
278 1773 410 1839 etmagni
420 1771 548 1824 honores.
589 1772 759 1824 censuerunt
773 1771 857 1822 etiarn
874 1773 935 1840 qui·

133 1846 210 1911 darn,
225 1852 257 1900 ut
271 1846 460 1913 Pannonicus,
477 1847 539 1912 alii,
554 1853 586 1898 ut
597 1847 731 1911 Invictus,
746 1845 889 1909 nonnulli,
903 1853 937 1896 ut

132 1921 199 1972 Pius
211 1924 461 1990 cognominaretur.
493 1923 547 1975 Sed
558 1922 592 1973 de
604 1919 766 1988 cognomine
775 1921 935 1972 intercessit

47 2025 49 2030 ,
132 1997 283 2064 Augustus,
305 2014 338 2050 eo
354 2003 510 2051 contentum
524 1997 730 2064 repromittens,
751 1996 827 2063 quod
843 2013 873 2048 se
889 1997 933 2047 de-

133 2071 228 2124 luncto
239 2079 416 2140 suscepturus
427 2078 507 2125 esset.
547 2069 728 2138 Triumphum
742 2071 802 2137 ipse
814 2070 932 2135 distulit,

133 2152 238 2197 maesta
249 2148 361 2202 civitate
372 2147 450 2199 clade
459 2146 593 2197 Variana.
623 2144 718 2197 Nihilo
731 2146 821 2197 minus
831 2146 931 2198 Urbem

133 2225 321 2287 praetentante
342 2226 371 2272 et
383 2221 479 2272 laurea
490 2227 640 2273 coronatus
655 2222 781 2284 intravit,
798 2221 932 2287 positum-

133 2309 186 2364 que
195 2294 225 2346 in
236 2293 327 2361 Septis
337 2296 468 2359 tribunal,
480 2301 578 2347 senatu
589 2302 704 2359 astante,
717 2296 888 2359 conscendit,
901 2311 932 2346 ac

132 2369 239 2422 medius
249 2370 322 2421 Inter
333 2370 402 2422 duos
414 2371 540 2423 consules
552 2387 612 2424 cum
617 2371 741 2438 Augusto
752 2370 835 2421 simul
847 2370 929 2432 sedit;

131 2444 928 2513 unde,populoconsalutato,circumtempladeductusest
1009 2461 1010 2466 ¹

189 2519 289 2572 XVIII.
309 2519 441 2574 Proximo
454 2537 526 2574 anno
537 2523 655 2589 repetita
667 2519 829 2584 Germania,
847 2535 929 2589 quum

133 2596 374 2662 animadverteret,
395 2595 546 2650 Varianam
562 2597 667 2649 cladem
681 2595 837 2648 temeritate
849 2600 877 2646 et
886 2610 930 2647 ne-

132 2668 265 2735 gligentia
280 2672 357 2724 ducis
374 2673 519 2738 accidisse,
540 2671 609 2724 nihil
623 2687 679 2723 non
696 2670 729 2723 de
745 2669 857 2723 consilii
872 2685 930 2722 sen·
1009 2673 1010 2679 ’

133 2745 219 2794 tentla
230 2746 294 2812 egit.
335 2746 447 2814 Semper
458 2749 528 2800 alias
539 2749 583 2800 sui
593 2748 714 2811 arbitrii,
731 2751 929 2816 contentusque
