2050 3034
305 239 501 294 catienus.
538 236 750 294 careo-es.
874 245 925 301 177

125 365 183 436 des,
195 351 309 438 famem,
320 369 518 442 pestilentiam,
533 371 674 437 incendia,
689 371 795 424 hiatum
806 373 923 444 aliquem

123 453 216 500 terrae
227 449 351 516 optabat.
904 475 907 482 ·

179 557 296 610 XXXII.
316 558 443 610 Animum
454 574 564 627 quoque
579 558 741 624 remittenti,
761 557 882 629 ludoque
898 567 925 612 et

122 633 213 700 epulis
224 633 332 698 dedito,
348 633 443 685 eadem
459 633 596 684 dictorum
606 633 797 702 factorumque
807 637 924 686 saevitia

123 708 230 759 aderat.
271 708 358 776 Saepe
372 709 402 759 in
418 715 567 776 conspectu
581 709 741 777 prandentis
760 711 804 761 vel
825 713 922 762 comis-

122 784 211 833 santis
225 782 315 834 seriae
329 784 506 851 quaestiones
520 799 570 851 per
582 790 721 836 tormenta
740 783 920 838 habebantur.

122 857 205 908 Miles
215 857 374 909 decollandi
384 858 484 910 artilex
494 859 702 926 quibuscunque
712 877 727 911 e
739 862 866 913 custodia
876 877 920 912 ca-

122 933 181 1000 pita
192 933 362 999 amputabat.
398 931 531 997 Puteolis,
543 932 717 984 dedicatione
727 937 829 1000 pontis,
840 953 919 1004 quem

121 1008 310 1074 excogitatum
322 1009 356 1058 ab
368 1024 400 1060 eo
412 1007 641 1076 significavimus,
657 1023 740 1073 quum
751 1011 851 1060 multos
862 1027 877 1060 e
887 1011 920 1062 li-

121 1086 183 1134 tore
198 1082 344 1133 invitasset
357 1083 393 1133 ad
407 1100 450 1146 se,
470 1087 583 1150 repente
603 1097 697 1133 omnes
717 1083 920 1149 praecipitavit.

123 1157 276 1221 Quosdam,
283 1158 469 1224 gubernacula
480 1155 721 1225 apprehendentes,
729 1157 817 1207 contis
827 1159 920 1209 remis-

122 1247 176 1300 que
188 1231 306 1283 detrusit
314 1233 343 1282 in
353 1248 438 1284 mare.
472 1233 577 1283 Romae
587 1231 698 1300 publico
711 1232 792 1299 epulo
804 1248 919 1298 servum,

123 1307 159 1358 ob
181 1307 333 1358 detractam
352 1307 432 1358 lectis
453 1314 610 1374 argenteam
630 1307 775 1371 laminam,
798 1308 921 1359 canulici

123 1379 268 1433 confestim
279 1381 405 1445 tradidit,
421 1388 467 1446 ut,
485 1381 611 1432 manibus
622 1382 752 1434 abscissis
763 1389 845 1453 atque
857 1390 919 1434 ante

120 1463 218 1523 pecua
229 1472 244 1508 e
255 1455 327 1507 collo
344 1456 538 1524 pendentibus,
559 1457 738 1522 praecedente
751 1459 848 1524 titulo,
870 1459 920 1526 qui

123 1546 235 1582 causam
245 1546 350 1598 poenae
360 1531 508 1596 indicaret,
520 1546 569 1600 per
580 1541 673 1584 coetus
685 1533 854 1600 epulantium
866 1535 917 1584 eir-

122 1605 339 1657 cnmduceretur.
377 1605 576 1658 Mirmillonem
587 1607 687 1670 eludo,
699 1607 814 1659 rudibus
825 1624 916 1660 secum

119 1681 278 1732 batuentem
290 1685 316 1731 et
326 1686 423 1749 sponte
434 1687 611 1749 prostratum,
617 1681 742 1733 confodit
749 1682 839 1735 ferrea
848 1684 916 1748 sica,

122 1772 156 1807 ac
169 1771 247 1806 more
261 1755 396 1806 victorum
412 1771 472 1806 cum
483 1757 575 1823 palma
586 1756 759 1808 discumrrrit.
798 1759 917 1811 Admota

122 1831 259 1883 altaribus
269 1828 394 1894 victima,
410 1831 565 1880 succinctus
575 1845 710 1899 poparum
721 1829 830 1896 babitu,
842 1833 915 1883 elato

120 1905 176 1957 alte
186 1903 301 1969 malleo,
322 1904 483 1956 cultrarium
498 1905 636 1955 mactavit.
675 1903 809 1956 Lautiore
825 1908 916 1957 convi-

117 1981 165 2032 vio
176 1979 282 2031 effusus
293 1979 385 2030 subito
397 1980 426 2030 in
438 1977 769 2043 cachinnnaconsulibus,
782 1981 829 2045 qui
838 1980 917 2030 iuxta

119 2055 273 2118 cubabant,
298 2055 429 2123 quidnam
453 2055 568 2119 rideret,
592 2052 692 2105 blande
713 2054 916 2120 quaerentibus,

121 2128 205 2194 Quid,
216 2129 319 2196 inquit,
331 2127 385 2180 nisi
392 2145 444 2181 cao
454 2147 510 2181 meo
521 2139 587 2182 nutu
597 2126 717 2197 iugulari
725 2137 865 2197 unumque
875 2147 915 2181 ne·

117 2203 405 2271 stromataampomt
438 2263 444 2272 Ι

173 2319 303 2374 xxxin.
323 2321 397 2372 luter
411 2322 505 2373 varios
522 2322 615 2384 iocos,
637 2335 720 2388 quum
736 2321 868 2373 assistens
878 2322 914 2371 si·

116 2396 244 2449 mulaero
254 2396 329 2447 lovis
339 2395 461 2463 Apellam
471 2396 635 2462 tragoedum
646 2395 842 2458 consuluisset,
853 2401 915 2446 uter

115 2471 160 2524 illl
180 2471 273 2523 maior
291 2471 443 2534 videretur,
464 2475 635 2522 cunctantem
654 2468 772 2536 flagellis
787 2469 912 2531 discidit3

116 2546 284 2599 collaudans
293 2545 409 2598 subinde
419 2559 513 2597 vocem
529 2545 714 2612 deprecantis,
736 2543 816 2610 quasi
830 2543 913 2594 etiam

114 2619 454 2690 ingemimpraeuulcem.
494 2619 609 2680 Quoties
620 2617 715 2669 rueris
725 2616 769 2668 vel
779 2617 913 2669 amiculae

116 2697 220 2751 collum
231 2696 448 2760 exoscularetur,
460 2693 593 2756 addebat,
608 2690 675 2742 Tam
686 2691 753 2744 bona
764 2690 863 2754 emma,
879 2691 913 2742 ei-

11 2811 13 2852 ,
115 2775 204 2830 aulae
213 2771 326 2836 waere,
343 2768 494 2824 demetetur.
535 2767 608 2832 Qtriu
618 2772 646 2820 et
655 2767 770 2818 subinde
780 2767 905 2820 iactabat

149 2868 295 2922 aaaron.
681 2861 709 2906 Μ
