2050 3034
271 192 460 246 TIBERIUS.
496 196 574 242 GAP.
592 199 710 246 48-51.
838 200 888 254 141

89 320 123 374 sie
133 319 260 388 cogendo
272 319 515 373 ssi-restituendam
525 321 681 374 libertatem
690 323 814 392 Augusto
826 341 888 396 ege.

86 396 150 459 bat;
171 394 270 448 deinde
281 397 347 448 etin
357 395 481 463 reliquis.
520 395 608 447 Iuliae
623 398 705 450 uxori
718 404 825 452 tantum
841 403 886 454 ab·

84 471 154 534 fuit,
165 476 198 522 ut
207 470 359 538 relegatae,
372 471 446 537 qnod
456 471 599 522 minimum
609 477 663 538 est,
680 474 766 525 oflicii
781 481 828 526 arnt
838 474 886 528 hu-

82 546 231 598 manitatis
242 545 348 612 aliquid
359 546 523 612 impertiret,
544 553 576 598 ut
585 562 619 599 ex
631 549 828 602 constitutione
837 567 885 618 pa-

80 621 135 672 tris
155 636 212 672 nno
234 620 337 687 oppido
360 620 495 686 clausam,
516 621 599 674 domo
620 637 730 691 quoque
749 626 844 694 egredi
858 634 886 679 et

82 695 252 748 commercio
273 693 413 748 hominum
433 695 491 746 frui
509 699 638 750 vetuerit=
663 699 713 752 sed
732 707 761 752 et
773 702 882 768 peculio

82 785 218 823 concesso
231 787 248 822 a
257 776 348 837 patre,
363 772 551 838 praebitisque
562 775 661 826 annuis
670 775 823 841 fraudavit,
835 794 883 845 per

80 845 205 912 speciem
213 845 320 912 publici
329 847 411 908 iuris,
428 847 502 913 quod
511 845 582 899 nihil
597 848 630 902 de
641 847 684 900 his
694 851 833 919 Augustus
843 861 882 905 te.

80 926 220 974 stamento
233 922 359 972 cavisset.
398 921 518 974 Matrem
528 922 638 974 Liviam
648 933 792 991 gravatus,
807 929 882 980 velut

79 1001 176 1062 partes
188 995 244 1047 sibi
254 1011 357 1062 aequas
367 997 508 1062 potentiae
517 997 711 1062 vindicantem,
717 1006 745 1051 et
755 1017 881 1068 congres-

79 1087 142 1122 sum
153 1071 215 1123 eius
225 1070 367 1122 assiduum
377 1072 487 1136 vitavit,
509 1077 537 1122 et
551 1071 692 1139 longiores
707 1076 882 1128 secretiores-

80 1162 135 1212 que
145 1161 300 1210 sermones,
316 1161 350 1198 ne
360 1147 420 1198 eius
431 1146 569 1210 consiliis,
586 1148 685 1214 quibus
695 1143 791 1202 tamen¹
798 1152 880 1204 inter-

79 1221 146 1272 dum
160 1227 189 1278 et
203 1236 283 1288 egere
298 1223 378 1272 etuti
398 1221 520 1286 solebat,
539 1223 599 1288 regi
617 1223 764 1276 videretur.
804 1227 882 1279 Tulit

78 1296 166 1347 etiam
186 1295 355 1363 perindigne,
378 1303 470 1348 actum
490 1313 507 1348 a
527 1303 637 1361 senatu,
658 1304 689 1350 ut
708 1300 798 1354 titulis
813 1303 879 1367 suis,

78 1371 162 1438 quasi
172 1371 299 1438 Augusti,
309 1371 350 1422 ita
361 1378 388 1424 et
397 1370 496 1422 Liviae
507 1372 581 1423 filius
592 1373 766 1428 adficeretur.
788 1377 880 1439 Quare

77 1461 138 1497 non
145 1454 284 1512 parentem
290 1445 398 1514 patriae
409 1447 557 1513 appellari,
578 1464 634 1500 non
648 1449 736 1502 ullum
744 1453 879 1520 insignem

77 1519 215 1572 honorem
225 1521 347 1587 recipere
358 1521 467 1588 publice
477 1537 575 1588 passus
581 1529 631 1574 est.
653 1524 708 1577 Sed
718 1532 745 1577 et
754 1527 888 1595 frequen,-v

76 1601 124 1646 ter
145 1594 300 1659 admonuit,
321 1595 463 1648 maioribus
477 1614 524 1650 uec
531 1597 652 1669 feminae
671 1601 880 1653 convenientibus

77 1668 196 1739 negotiis
206 1670 351 1723 abstineret
354 1688 367 1732 ,·
377 1673 524 1739 praecipue
533 1680 565 1726 ut
575 1675 777 1742 animadvertit,
788 1677 879 1730 incen-

79 1746 127 1796 dio
138 1745 219 1797 iuxta
230 1745 325 1798 aedem
336 1745 436 1798 Vestae
447 1753 474 1798 et
483 1747 573 1814 ipsam
582 1751 775 1818 intervenisse,
791 1769 878 1820 popu-

77 1819 192 1887 lumque
202 1826 230 1872 et
239 1820 354 1884 milites,
370 1837 424 1888 quo
435 1822 543 1874 enixius
555 1838 635 1889 opem
648 1824 762 1892 ferrent,
779 1827 878 1880 adhor-

77 1902 175 1959 tatam,
187 1896 260 1947 sicut
269 1896 319 1947 sub
330 1897 431 1948 marito
442 1895 528 1948 solita
537 1903 618 1949 esset.

134 1969 182 2022 Ll.
203 1968 312 2023 Dehinc
322 1971 357 2022 ad
372 1972 539 2023 simultatem
552 1987 639 2039 usque
653 1975 803 2039 processit,
817 1974 877 2040 hac,

78 2052 110 2098 ut
119 2045 222 2111 ierunt,
235 2044 268 2098 de
279 2062 372 2098 causa.
406 2046 525 2099 Instanti
534 2048 655 2114 saepius,
665 2053 697 2100 ut
707 2049 817 2102 civitate
829 2051 877 2102 do-

76 2127 174 2172 natum
187 2122 219 2174 iu
239 2121 365 2173 decurias
381 2122 524 2192 allegeret,
544 2125 655 2190 negavit
670 2124 726 2175 alia
740 2140 769 2176 se
784 2128 878 2178 condi-

77 2197 154 2248 tione
166 2196 343 2261 euenturum,
355 2213 437 2264 quam
448 2199 472 2248 si
483 2205 624 2264 pateretur
635 2200 738 2252 ascribi
749 2200 821 2268 albo,
834 2220 877 2254 ex·

68 2279 180 2342 'tortum
198 2271 230 2323 s'sl
247 2271 300 2323 sibi
317 2288 334 2323 a
354 2280 448 2323 resume.
486 2274 585 2324 Atilia
600 2282 750 2340 commota,
771 2283 877 2329 veteres

79 2346 220 2412 quosdam
231 2347 267 2399 ad
281 2363 311 2398 se
324 2347 442 2414 Augusti
461 2348 606 2401 codicillos
627 2351 660 2402 de
681 2353 830 2404 acerbitate
851 2356 879 2401 et

77 2421 259 2474 intolerantia
279 2438 386 2473 morum
406 2423 466 2474 eius
486 2439 501 2474 e
521 2425 644 2478 sacrario
664 2426 781 2491 protulit
795 2431 877 2492 atque

77 2497 216 2548 recitavit.
246 2497 308 2548 llos
319 2503 346 2548 et
356 2497 512 2549 custoditos
522 2504 578 2550 tam
590 2498 646 2562 diu,
658 2506 686 2550 et
695 2501 878 2565 exprobratos

77 2576 134 2622 tam
144 2570 254 2636 infeste,
266 2571 335 2624 adeo
346 2573 467 2640 graviter
476 2572 548 2635 tulit,
559 2580 591 2623 ut
600 2573 711 2639 quidam
722 2579 826 2638 putent,
836 2574 878 2624 iu·

78 2652 120 2697 ter
140 2663 240 2700 causas
261 2663 385 2700 secessus
405 2646 477 2697 hanc
496 2647 522 2696 ei
536 2647 579 2697 vel
593 2645 769 2711 praecipuam
782 2647 877 2698 funere.

79 2723 152 2776 Toto
166 2724 278 2792 quidem
288 2724 422 2788 triennio,
439 2737 493 2790 quo
504 2722 611 2782 vivente
622 2726 709 2778 matre
721 2719 822 2786 abluit,
838 2737 877 2776 se·
