2036 3022
146 209 195 261 248
423 211 449 256 C.
473 207 663 256 SUETONll

146 336 300 400 coufessus,
326 334 463 402 exagitari
482 349 512 386 se
530 338 656 384 materna
673 330 764 400 specie
782 332 950 385 verberibus

145 414 292 465 Furiamm
313 425 345 464 ac
360 411 450 462 taedis
465 409 633 460 ardentibus.
674 407 747 467 (tasin
763 411 791 458 et
804 406 884 462 facto
898 425 950 476 per

145 503 243 556 magos
268 502 348 537 sacro
374 500 490 537 evocare
516 497 609 534 manes
629 487 657 534 et
681 497 798 533 exorare
818 485 947 534 tentavit.

145 562 371 630 Peregrinatione
387 561 496 628 quidem
513 558 659 622 Graeciae,
680 556 833 610 Eleusiniis
848 560 946 623 sacris,

146 653 262 708 quorum
277 636 436 687 initiatione
450 635 530 701 impii
540 640 568 686 et
582 633 709 685 scelerati
717 648 787 685 voce
797 635 946 700 praeconis

146 717 363 775 summoventur,
378 711 511 762 interesse
525 726 582 762 uon
602 723 686 760 ausus
705 714 756 760 est.
796 707 945 778 Iunxitque

145 786 295 856 parricidio
317 787 414 837 matris
436 787 537 838 amitae
557 799 659 836 necem.
699 785 788 845 Quam
811 799 897 852 quum
912 797 946 836 ex

146 863 250 914 duritia
261 861 317 912 alvi
328 862 472 913 cubantem
483 862 622 925 visitaret,
634 866 661 912 et
670 859 720 910 illa
730 866 856 912 tractans
867 861 945 912 lanu·

145 940 236 1006 ginem
251 939 323 1001 eius,
338 943 371 988 ut
384 936 499 1000 assolet,
514 937 571 986 iam
585 935 699 1003 grandis
712 941 794 999 natu,
805 952 857 1004 per
866 936 945 988 blau·

146 1015 230 1067 ditias
239 1013 312 1065 forte
322 1013 451 1076 dixisset,
464 1012 549 1062 &mol
556 1011 626 1062 larse
636 1026 772 1078 excepero,
780 1011 856 1062 mori
868 1012 944 1062 colo:

146 1104 294 1141 conversus
305 1090 340 1139 ad
351 1089 503 1155 proximos,
516 1086 660 1138 confestim
671 1102 700 1137 se
711 1087 878 1155 positurum,
889 1086 944 1138 vel·
1005 1103 1006 1146 3

144 1172 177 1216 ut
196 1165 315 1216 irridens
339 1165 396 1226 ait3
424 1163 619 1230 praecepitque
639 1161 766 1226 medicis,
787 1167 820 1213 ut
838 1162 944 1228 largius
1005 1155 1006 1166 ¹

145 1247 295 1309 purgarent
305 1253 426 1306 aegram.
456 1236 579 1289 Necdum
590 1235 735 1288 defirnetae
745 1238 821 1288 bona
831 1237 943 1300 invasit,

144 1329 291 1382 suppresso
303 1319 476 1379 testamento,
486 1329 520 1365 ne
532 1313 597 1382 quid
609 1312 776 1364 abscederet.

200 1389 315 1441 XXXV.
344 1390 451 1441 Uxores
471 1395 580 1456 praeter
600 1387 743 1439 Octaviam
759 1387 828 1438 duas
844 1393 944 1454 postea

145 1463 235 1528 duxit,
251 1463 410 1533 Poppaeam
425 1463 571 1528 Sabinam,
584 1463 743 1532 quaestorio
759 1468 839 1529 patre
849 1468 944 1514 natam

145 1546 173 1591 et
187 1540 275 1607 equiti
289 1539 415 1591 Romano
431 1545 513 1590 autea
531 1545 664 1605 nuptam3
685 1538 783 1590 deinde
804 1537 945 1589 Statiliam

144 1615 337 1678 Messalinam,
359 1613 447 1664 Tauri
461 1615 505 1664 bis
520 1614 642 1666 consulis
658 1629 691 1664 ac
704 1611 882 1679 triumphalis
898 1614 944 1665 ab·

144 1696 262 1758 neptam.
303 1689 365 1750 Qua
373 1695 406 1740 ut
414 1690 563 1757 potiretur,
574 1689 663 1741 virum
674 1690 747 1752 eius,
758 1689 881 1740 Atticum
890 1688 944 1742 Ve-

145 1765 246 1816 stinum
262 1765 415 1829 consulem,
429 1765 459 1815 in
474 1763 580 1817 honore
589 1765 651 1832 ipso
662 1763 821 1816 trucidavit.
863 1764 944 1815 Oeta-

144 1842 207 1892 viae
222 1841 446 1892 cousuetudinem
463 1840 518 1892 cito
531 1845 706 1906 aspernatus,
727 1839 943 1906 corripientibus

145 1916 255 1981 amicis,
275 1915 399 1988 sufficere
413 1915 453 1967 illi
466 1915 569 1978 dedere,
585 1915 742 1982 respondit,
757 1913 856 1966 aroma
867 1931 943 1967 orao-

145 2001 243 2044 meutc.
281 1992 404 2044 Eandem
419 2005 484 2042 mox
498 2005 580 2058 saepe
590 1990 695 2041 frustm
704 1990 881 2058 strangulare
891 2007 944 2042 me·
1004 1983 1005 2026 l

146 2068 263 2132 ditatus,
280 2067 387 2119 dimisit
399 2073 430 2118 ut
443 2066 563 2118 sterilem
576 2082 583 2127 ς
604 2066 652 2118 sed
667 2063 842 2132 bnprobante
853 2066 944 2118 divor-

145 2145 214 2194 tium
225 2142 339 2210 populo‚
350 2158 401 2193 nec
410 2147 540 2208 parcente
550 2141 692 2205 conviciis,
704 2142 788 2192 etiam
799 2141 943 2209 relegarit.

145 2219 273 2285 Denique
284 2217 386 2268 occidit
396 2217 447 2268 sub
459 2217 572 2268 crimine
583 2216 795 2282 adulteriorum,
812 2216 884 2269 adeo
894 2217 944 2268 irn-

146 2291 438 2361 pudentifalsoqoe,ut
447 2292 643 2358 inquaestione
654 2291 870 2360 pernegantibus
881 2309 944 2344 cun-

146 2369 207 2434 ctis,
214 2368 355 2420 Anicetum
365 2367 557 2435 paedagogum
568 2383 646 2418 suum
656 2367 775 2419 indicem
786 2369 944 2432 subiecerit,

147 2446 195 2512 qui
210 2443 275 2495 dolo
291 2449 444 2512 stupratam
458 2459 475 2494 a
486 2442 665 2495 sefateretur.
704 2441 867 2510 Poppaeam
876 2444 944 2496 duo·

147 2519 253 2572 decimo
265 2519 310 2571 die
320 2525 385 2587 post
394 2518 543 2571 divortium
554 2518 686 2570 Octaviae
696 2519 725 2570 in
735 2520 945 2572 matrimonium

148 2600 301 2661 acceptam,
322 2594 420 2646 dilexit
437 2593 527 2646 unice.
566 2593 603 2645 Et
621 2599 713 2645 temen
725 2594 817 2660 ipsam
833 2609 945 2663 quoque

146 2670 204 2719 ictu
219 2669 303 2720 calcis
318 2670 434 2735 occidit,
451 2668 525 2737 quod
540 2684 582 2733 se,
598 2683 632 2721 ex
642 2669 817 2736 aurigatione
827 2685 892 2723 sero
903 2687 944 2722 re·

146 2756 270 2808 versum,
280 2745 397 2810 gravida
412 2750 439 2796 et
453 2757 536 2812 aegra
552 2745 684 2798 contidis
699 2745 861 2797 incesserat.
901 2746 943 2797 Ex
