2026 3020
149 261 181 314 82
429 260 455 310 c.
478 259 665 318 suenoni!

149 387 307 443 sedentibus
317 386 434 454 singulis
443 387 505 438 vale
516 386 634 442 dicebat.
670 383 768 439 Officia
779 380 946 456 cummultis

147 469 243 516 mutuo
259 463 393 515 exercuit:
413 478 464 514 nee
477 463 555 530 prius
569 462 630 519 dies
647 460 779 528 coituque
797 459 947 528 sollemnes

147 538 321 607 frequentare
342 538 437 602 desiit,
459 553 540 604 quam
554 536 687 605 grandior
699 535 756 586 iam
771 541 853 598 natu,
875 535 946 586 etin

145 614 228 664 turba
243 611 382 679 quondam
398 613 601 678 sponsaliorum
613 611 657 662 die
666 615 790 662 vexatus.
830 607 943 676 Gallum
1001 625 1002 648 l

146 688 302 738 Terrinium
322 692 489 755 senatorem,
510 689 606 746 rninus
620 685 674 736 sibi
693 684 873 748 familiarem,
894 684 942 735 sed

146 769 255 830 captum
266 767 376 829 repente
387 760 484 828 oeulis,
492 768 520 814 et
530 763 565 813 ob
576 761 606 822 id
615 760 709 822 inedia
718 760 791 822 mori
802 759 939 828 destipau-
1001 819 1002 828 ἵ

144 843 208 899 tem,
219 851 348 902 praeseus
360 837 530 891 consolando
541 835 682 889 revocavit
693 834 729 884 nd
737 835 832 890 vitam.

133 976 135 980 .
200 909 272 962 LIV.
293 911 323 962 ln
334 916 432 964 senatu
441 912 525 963 verba
534 910 649 978 facienti
659 909 762 972 dictum
772 915 822 980 est,
828 905 890 960 Non
899 909 940 960 in-

145 985 245 1037 tellexi:
265 992 293 1038 et
302 988 336 1037 ab
349 985 419 1050 ulio,
436 984 649 1046 contradicerent
660 983 720 1047 tibi,
732 982 850 1052 silerent
860 982 939 1035 tate·
1001 1025 1002 1044 ,

143 1078 207 1112 rem.
245 1061 384 1114 Interdum
400 1061 435 1112 ob
455 1061 618 1114 immodicas
638 1059 832 1124 altercationes
852 1058 939 1112 disce-

142 1137 278 1204 ptantium
295 1152 309 1188 e
326 1137 403 1188 curia
418 1151 466 1202 per
480 1137 551 1189 ham
561 1151 591 1186 se
597 1133 765 1201 proripienti
776 1133 888 1201 quidam
898 1133 939 1184 in-

142 1217 296 1278 gesserunt,
317 1209 394 1262 licere
409 1219 527 1276 oportere
542 1208 705 1261 aenatoribus
719 1209 749 1260 de
759 1207 892 1275 republica
903 1209 938 1260 lo·

143 1286 197 1351 qni.
235 1285 369 1339 Antistius
385 1283 495 1349 Labeo,
516 1290 627 1336 senatus
642 1283 774 1346 lectione,
797 1299 881 1351 quum
895 1285 940 1334 vir

140 1363 230 1422 virum
239 1360 350 1426 legeret,
361 1359 400 1410 M.
407 1358 551 1426 Lepidum,
563 1359 669 1410 hostem
680 1358 747 1410 olim
757 1359 826 1422 eius,
837 1364 865 1410 et
873 1365 939 1412 trtnc

142 1433 325 1498 exsulantem,
340 1435 420 1501 legit:
440 1435 680 1501 interrogatusque
692 1434 785 1495 abeo,
802 1447 837 1483 an
848 1441 939 1496 essent

142 1510 192 1560 alii
212 1509 364 1576 digniores,
386 1526 460 1561 rnrrrn
481 1526 606 1576 quemque
624 1507 750 1562 iudicium
766 1506 874 1569 babere,
896 1523 937 1558 re-

141 1584 262 1652 spondit.
301 1583 359 1636 Nec
378 1584 441 1636 ideo
463 1585 576 1636 libertas
592 1589 640 1634 aut
656 1583 834 1650 contumacia¹
844 1581 938 1637 fraudi

142 1658 342 1725 cuiquamiuit.
445 1705 447 1710 ,

197 1732 256 1784 LV.
276 1733 369 1784 Etiam
384 1748 496 1802 sparsos
513 1733 545 1785 de
556 1734 624 1785 sein
636 1732 848 1786 curiafamosos
858 1731 937 1786 libel-

140 1809 185 1859 los
195 1824 245 1860 nec
255 1809 379 1877 expavit,
400 1825 450 1860 nec
465 1824 566 1876 magna
582 1824 649 1860 eura
663 1808 819 1876 redarguit:
840 1821 886 1871 ac,
903 1823 937 1858 ne

140 1884 280 1952 requisitis
292 1883 400 1952 quidem
412 1886 586 1948 auctoribus,
607 1884 635 1937 id
651 1883 734 1934 modo
751 1883 870 1946 censuit,
892 1898 938 1932 co·

140 1960 324 2026 gnoscendnm
336 1957 453 2026 posthac
463 1958 497 2010 de
507 1960 555 2022 iis,
572 1958 621 2026 qui
634 1957 745 2009 libellos
756 1963 804 2008 aut
814 1957 938 2028 carmina

141 2034 177 2084 ad
188 2034 329 2086 irriamiam
342 2035 494 2101 cuiuspiam
506 2035 556 2083 sub
568 2033 658 2084 alieno
670 2033 780 2084 nomine
792 2030 884 2096 edant.

197 2107 269 2158 LVl.
289 2110 362 2160 locis
373 2124 481 2176 quoque
493 2107 665 2174 quorundam
674 2107 822 2160 invidiosis
833 2113 882 2158 eut
891 2122 937 2174 pe-

42 2233 44 2240 ,
141 2181 292 2232 tulantibus
304 2183 461 2245 lacessitus,
478 2182 646 2248 contradixit
659 2183 760 2234 edicto.
799 2180 835 2232 Et
845 2186 938 2234 tamen

142 2256 175 2308 de
195 2253 344 2307 inhibenda
366 2262 591 2309 testamentorum
617 2257 742 2320 licentia,
767 2273 801 2308 ne
824 2262 938 2308 senatus

142 2331 288 2396 quicquam
304 2331 494 2395 constitueret,
515 2333 679 2384 intercessit.
719 2332 835 2393 Quoties
850 2332 938 2398 magi-
1000 2379 1001 2392 ,

142 2411 276 2456 stratuum
288 2407 407 2458 comitiis
422 2407 577 2472 interesset,
598 2407 687 2458 tribus
702 2422 762 2458 enm
780 2405 938 2458 candidatis

141 2481 199 2530 suis
210 2481 356 2545 circuibat,
377 2482 603 2553 supplicabatque
618 2497 695 2534 more
710 2481 846 2533 sollemni.
885 2479 938 2531 Fe-

141 2556 221 2606 rebat
230 2555 327 2622 etipse
337 2554 499 2623 suffragium
510 2558 538 2608 in
548 2557 687 2620 tribubus,
702 2562 733 2607 ut
742 2572 813 2608 unus
824 2571 841 2618 e¹
849 2570 938 2624 popu-

143 2631 187 2681 lo.'
220 2629 330 2684 Testem
350 2648 379 2684 se
399 2632 433 2682 in
448 2631 560 2682 iudiciis
575 2638 602 2682 et
614 2632 781 2698 interrogari
795 2636 822 2682 et
837 2628 939 2692 refelli,

143 2704 310 2772 aequissimo
323 2707 414 2758 animo
424 2707 591 2773 patiebatur.
629 2705 731 2758 Forum
744 2705 889 2772 angustius
900 2703 939 2756 ie-

143 2778 193 2844 cit,
215 2794 271 2830 non
292 2795 374 2832 ausus
395 2789 557 2849 extorquere
572 2781 779 2852 possessoribus
793 2781 940 2848 proximat
