<?xml version="1.0" encoding="UTF-8"?>
<!DOCTYPE html PUBLIC "-//W3C//DTD XHTML 1.0 Transitional//EN"
    "http://www.w3.org/TR/xhtml1/DTD/xhtml1-transitional.dtd">
<html xmlns="http://www.w3.org/1999/xhtml" xml:lang="en" lang="en">
 <head>
  <title>
</title>
<meta http-equiv="Content-Type" content="text/html;charset=utf-8" />
  <meta name='ocr-system' content='tesseract 3.04.00' />
  <meta name='ocr-capabilities' content='ocr_page ocr_carea ocr_par ocr_line ocrx_word'/>
</head>
<body>
  <div class='ocr_page' id='page_1' title='image "./csuetoniitranqu05suetgoog_0383.png"; bbox 0 0 2044 3028; ppageno 0'>
   <div class='ocr_carea' id='block_1_1' title="bbox 219 807 845 876">
    <p class='ocr_par' dir='ltr' id='par_1_1' title="bbox 219 807 845 876">
     <span class='ocr_line' id='line_1_1' title="bbox 219 807 845 876; baseline -0.005 0"><span class='ocrx_word' id='word_1_1' title='bbox 219 807 624 876; x_wconf 81' lang='lat' dir='ltr'><strong>IUVENALIS</strong></span> <span class='ocrx_word' id='word_1_2' title='bbox 664 807 845 876; x_wconf 81' lang='lat' dir='ltr'><strong>VITA.</strong></span> 
     </span>
    </p>
   </div>
   <div class='ocr_carea' id='block_1_2' title="bbox 434 984 630 1010">
    <p class='ocr_par' dir='ltr' id='par_1_2' title="bbox 434 984 630 1010">
     <span class='ocr_line' id='line_1_2' title="bbox 434 984 630 1010; baseline 0.005 -1"><span class='ocrx_word' id='word_1_3' title='bbox 434 984 630 1010; x_wconf 49' lang='lat' dir='ltr'><em>m</em></span> 
     </span>
    </p>
   </div>
   <div class='ocr_carea' id='block_1_3' title="bbox 190 1099 929 1199">
    <p class='ocr_par' dir='ltr' id='par_1_3' title="bbox 190 1099 929 1199">
     <span class='ocr_line' id='line_1_3' title="bbox 190 1099 929 1199; baseline -0.001 -19"><span class='ocrx_word' id='word_1_4' title='bbox 190 1099 298 1182; x_wconf 72' lang='lat' dir='ltr'><strong>lomus</strong></span> <span class='ocrx_word' id='word_1_5' title='bbox 309 1128 481 1195; x_wconf 65' lang='lat' dir='ltr'><strong>Iuventus,</strong></span> <span class='ocrx_word' id='word_1_6' title='bbox 492 1129 615 1182; x_wconf 84' lang='lat' dir='ltr'><strong>libertini</strong></span> <span class='ocrx_word' id='word_1_7' title='bbox 624 1128 784 1199; x_wconf 78' lang='lat' dir='ltr'><strong>locupletia,</strong></span> <span class='ocrx_word' id='word_1_8' title='bbox 794 1129 929 1180; x_wconf 83' lang='lat' dir='ltr'><strong>incertum</strong></span> 
     </span>
    </p>
   </div>
   <div class='ocr_carea' id='block_1_4' title="bbox 116 1203 1016 2776">
    <p class='ocr_par' dir='ltr' id='par_1_4' title="bbox 116 1203 1016 2776">
     <span class='ocr_line' id='line_1_4' title="bbox 135 1203 929 1270; baseline -0.003 -14"><span class='ocrx_word' id='word_1_9' title='bbox 135 1203 219 1268; x_wconf 78' lang='lat' dir='ltr'><strong>filius,</strong></span> <span class='ocrx_word' id='word_1_10' title='bbox 231 1220 266 1256; x_wconf 90' lang='lat' dir='ltr'><strong>an</strong></span> <span class='ocrx_word' id='word_1_11' title='bbox 277 1205 411 1270; x_wconf 86' lang='lat' dir='ltr'><strong>alumnus,</strong></span> <span class='ocrx_word' id='word_1_12' title='bbox 424 1205 459 1256; x_wconf 80' lang='lat' dir='ltr'><strong>ad</strong></span> <span class='ocrx_word' id='word_1_13' title='bbox 469 1205 587 1258; x_wconf 85' lang='lat' dir='ltr'><strong>mediam</strong></span> <span class='ocrx_word' id='word_1_14' title='bbox 597 1203 654 1257; x_wconf 85' lang='lat' dir='ltr'><strong>fere</strong></span> <span class='ocrx_word' id='word_1_15' title='bbox 665 1211 782 1258; x_wconf 86' lang='lat' dir='ltr'><strong>aetatem</strong></span> <span class='ocrx_word' id='word_1_16' title='bbox 794 1203 929 1256; x_wconf 78' lang='lat' dir='ltr'><strong>declama·</strong></span> 
     </span>
     <span class='ocr_line' id='line_1_5' title="bbox 134 1277 930 1348; baseline 0 -18"><span class='ocrx_word' id='word_1_17' title='bbox 134 1279 188 1343; x_wconf 85' lang='lat' dir='ltr'><strong>vit,</strong></span> <span class='ocrx_word' id='word_1_18' title='bbox 209 1280 294 1332; x_wconf 88' lang='lat' dir='ltr'><strong>animi</strong></span> <span class='ocrx_word' id='word_1_19' title='bbox 304 1280 393 1348; x_wconf 77' lang='lat' dir='ltr'><strong>magia</strong></span> <span class='ocrx_word' id='word_1_20' title='bbox 404 1295 514 1344; x_wconf 79' lang='lat' dir='ltr'><strong>caussa,</strong></span> <span class='ocrx_word' id='word_1_21' title='bbox 537 1295 617 1348; x_wconf 89' lang='lat' dir='ltr'><strong>quam</strong></span> <span class='ocrx_word' id='word_1_22' title='bbox 634 1279 708 1348; x_wconf 90' lang='lat' dir='ltr'><strong>quod</strong></span> <span class='ocrx_word' id='word_1_23' title='bbox 720 1277 831 1332; x_wconf 79' lang='lat' dir='ltr'><strong>scholae</strong></span> <span class='ocrx_word' id='word_1_24' title='bbox 841 1295 871 1332; x_wconf 80' lang='lat' dir='ltr'><strong>nc</strong></span> <span class='ocrx_word' id='word_1_25' title='bbox 882 1285 930 1332; x_wconf 86' lang='lat' dir='ltr'><strong>aut</strong></span> 
     </span>
     <span class='ocr_line' id='line_1_6' title="bbox 133 1352 929 1424; baseline -0.003 -17"><span class='ocrx_word' id='word_1_26' title='bbox 133 1352 199 1407; x_wconf 81' lang='lat' dir='ltr'><strong>foro</strong></span> <span class='ocrx_word' id='word_1_27' title='bbox 218 1361 405 1424; x_wconf 88' lang='lat' dir='ltr'><strong>praepararet.</strong></span> <span class='ocrx_word' id='word_1_28' title='bbox 444 1353 551 1406; x_wconf 82' lang='lat' dir='ltr'><strong>Deinde</strong></span> <span class='ocrx_word' id='word_1_29' title='bbox 569 1369 720 1424; x_wconf 86' lang='lat' dir='ltr'><strong>paucorum</strong></span> <span class='ocrx_word' id='word_1_30' title='bbox 738 1369 866 1408; x_wconf 78' lang='lat' dir='ltr'><strong>versuum</strong></span> <span class='ocrx_word' id='word_1_31' title='bbox 881 1354 929 1406; x_wconf 82' lang='lat' dir='ltr'><strong>Sa-</strong></span> 
     </span>
     <span class='ocr_line' id='line_1_7' title="bbox 136 1428 930 1498; baseline 0.001 -18"><span class='ocrx_word' id='word_1_32' title='bbox 136 1429 191 1480; x_wconf 83' lang='lat' dir='ltr'><strong>tira</strong></span> <span class='ocrx_word' id='word_1_33' title='bbox 201 1445 256 1480; x_wconf 89' lang='lat' dir='ltr'><strong>non</strong></span> <span class='ocrx_word' id='word_1_34' title='bbox 268 1429 387 1482; x_wconf 81' lang='lat' dir='ltr'>absurde</span> <span class='ocrx_word' id='word_1_35' title='bbox 398 1428 552 1497; x_wconf 79' lang='lat' dir='ltr'><strong>composita</strong></span> <span class='ocrx_word' id='word_1_36' title='bbox 561 1428 722 1482; x_wconf 86' lang='lat' dir='ltr'><strong>iuParidem</strong></span> <span class='ocrx_word' id='word_1_37' title='bbox 730 1429 930 1498; x_wconf 75' lang='lat' dir='ltr'><strong>pantomimum</strong></span> 
     </span>
     <span class='ocr_line' id='line_1_8' title="bbox 135 1502 931 1574; baseline 0 -19"><span class='ocrx_word' id='word_1_38' title='bbox 135 1511 301 1574; x_wconf 85' lang='lat' dir='ltr'><strong>poetamqua</strong></span> <span class='ocrx_word' id='word_1_39' title='bbox 314 1502 438 1571; x_wconf 87' lang='lat' dir='ltr'><strong>[Claudii</strong></span> <span class='ocrx_word' id='word_1_40' title='bbox 447 1503 579 1567; x_wconf 84' lang='lat' dir='ltr'><strong>Neronis,</strong></span> <span class='ocrx_word' id='word_1_41' title='bbox 600 1503 659 1558; x_wconf 73' lang='lat' dir='ltr'><strong>eius</strong></span> <span class='ocrx_word' id='word_1_42' title='bbox 673 1505 850 1562; x_wconf 76' lang='lat' dir='ltr'><strong>semestribua</strong></span> <span class='ocrx_word' id='word_1_43' title='bbox 860 1504 931 1556; x_wconf 83' lang='lat' dir='ltr'><strong>mili-</strong></span> 
     </span>
     <span class='ocr_line' id='line_1_9' title="bbox 135 1579 930 1650; baseline 0.001 -20"><span class='ocrx_word' id='word_1_44' title='bbox 135 1579 213 1630; x_wconf 82' lang='lat' dir='ltr'><strong>tiolis</strong></span> <span class='ocrx_word' id='word_1_45' title='bbox 225 1580 385 1650; x_wconf 84' lang='lat' dir='ltr'><strong>tumentem]</strong></span> <span class='ocrx_word' id='word_1_46' title='bbox 401 1595 486 1648; x_wconf 77' lang='lat' dir='ltr'><strong>genus</strong></span> <span class='ocrx_word' id='word_1_47' title='bbox 500 1581 652 1648; x_wconf 78' lang='lat' dir='ltr'><strong>scripturae</strong></span> <span class='ocrx_word' id='word_1_48' title='bbox 666 1579 836 1632; x_wconf 76' lang='lat' dir='ltr'><strong>industriose</strong></span> <span class='ocrx_word' id='word_1_49' title='bbox 850 1594 930 1632; x_wconf 81' lang='lat' dir='ltr'><strong>exco-</strong></span> 
     </span>
     <span class='ocr_line' id='line_1_10' title="bbox 134 1652 930 1724; baseline 0.003 -20"><span class='ocrx_word' id='word_1_50' title='bbox 134 1653 196 1705; x_wconf 90' lang='lat' dir='ltr'><strong>luit.</strong></span> <span class='ocrx_word' id='word_1_51' title='bbox 236 1652 273 1706; x_wconf 86' lang='lat' dir='ltr'><strong>Et</strong></span> <span class='ocrx_word' id='word_1_52' title='bbox 290 1661 382 1706; x_wconf 85' lang='lat' dir='ltr'><strong>tamen</strong></span> <span class='ocrx_word' id='word_1_53' title='bbox 400 1655 451 1706; x_wconf 87' lang='lat' dir='ltr'><strong>diu</strong></span> <span class='ocrx_word' id='word_1_54' title='bbox 470 1671 503 1706; x_wconf 92' lang='lat' dir='ltr'><strong>ne</strong></span> <span class='ocrx_word' id='word_1_55' title='bbox 523 1655 633 1707; x_wconf 86' lang='lat' dir='ltr'><strong>modico</strong></span> <span class='ocrx_word' id='word_1_56' title='bbox 654 1654 763 1724; x_wconf 85' lang='lat' dir='ltr'><strong>quidem</strong></span> <span class='ocrx_word' id='word_1_57' title='bbox 789 1654 930 1707; x_wconf 87' lang='lat' dir='ltr'><strong>auditorio</strong></span> 
     </span>
     <span class='ocr_line' id='line_1_11' title="bbox 135 1729 933 1799; baseline 0 -19"><span class='ocrx_word' id='word_1_58' title='bbox 135 1729 283 1799; x_wconf 88' lang='lat' dir='ltr'><strong>quicquam</strong></span> <span class='ocrx_word' id='word_1_59' title='bbox 301 1729 469 1783; x_wconf 84' lang='lat' dir='ltr'><strong>committere</strong></span> <span class='ocrx_word' id='word_1_60' title='bbox 484 1736 526 1782; x_wconf 85' lang='lat' dir='ltr'><strong>est</strong></span> <span class='ocrx_word' id='word_1_61' title='bbox 541 1745 634 1782; x_wconf 81' lang='lat' dir='ltr'><strong>anana.</strong></span> <span class='ocrx_word' id='word_1_62' title='bbox 672 1730 740 1782; x_wconf 84' lang='lat' dir='ltr'><strong>Mox</strong></span> <span class='ocrx_word' id='word_1_63' title='bbox 759 1745 859 1798; x_wconf 82' lang='lat' dir='ltr'><strong>magna</strong></span> <span class='ocrx_word' id='word_1_64' title='bbox 877 1729 933 1780; x_wconf 48' lang='lat' dir='ltr'><strong>ire*</strong></span> 
     </span>
     <span class='ocr_line' id='line_1_12' title="bbox 135 1805 932 1874; baseline 0 -20"><span class='ocrx_word' id='word_1_65' title='bbox 135 1805 249 1874; x_wconf 83' lang='lat' dir='ltr'><strong>quentia</strong></span> <span class='ocrx_word' id='word_1_66' title='bbox 259 1819 414 1873; x_wconf 81' lang='lat' dir='ltr'><strong>magnoque</strong></span> <span class='ocrx_word' id='word_1_67' title='bbox 425 1820 554 1856; x_wconf 79' lang='lat' dir='ltr'><strong>successu</strong></span> <span class='ocrx_word' id='word_1_68' title='bbox 563 1805 606 1856; x_wconf 81' lang='lat' dir='ltr'><strong>bia</strong></span> <span class='ocrx_word' id='word_1_69' title='bbox 618 1821 650 1855; x_wconf 86' lang='lat' dir='ltr'><strong>ao</strong></span> <span class='ocrx_word' id='word_1_70' title='bbox 660 1810 701 1856; x_wconf 84' lang='lat' dir='ltr'><strong>ter</strong></span> <span class='ocrx_word' id='word_1_71' title='bbox 712 1805 824 1856; x_wconf 69' lang='lat' dir='ltr'><strong>auditus</strong></span> <span class='ocrx_word' id='word_1_72' title='bbox 834 1810 889 1868; x_wconf 81' lang='lat' dir='ltr'><strong>eat,</strong></span> <span class='ocrx_word' id='word_1_73' title='bbox 899 1809 932 1854; x_wconf 90' lang='lat' dir='ltr'><strong>ut</strong></span> 
     </span>
     <span class='ocr_line' id='line_1_13' title="bbox 116 1878 929 1948; baseline 0.005 -22"><span class='ocrx_word' id='word_1_74' title='bbox 116 1923 117 1926; x_wconf 76' lang='grc'>,</span> <span class='ocrx_word' id='word_1_75' title='bbox 134 1878 929 1948; x_wconf 79' lang='lat' dir='ltr'><strong>eaqnoque,quaeprimaiecerat‚inierciretnovisscriptia:</strong></span> 
     </span>
     <span class='ocr_line' id='line_1_14' title="bbox 156 1952 910 2022; baseline 0 -18"><span class='ocrx_word' id='word_1_76' title='bbox 156 1953 235 2017; x_wconf 82' lang='lat' dir='ltr'><strong>Quod</strong></span> <span class='ocrx_word' id='word_1_77' title='bbox 242 1971 294 2006; x_wconf 82' lang='lat' dir='ltr'><strong>noo</strong></span> <span class='ocrx_word' id='word_1_78' title='bbox 304 1954 503 2022; x_wconf 77' lang='lat' dir='ltr'><strong>dantproeeree,</strong></span> <span class='ocrx_word' id='word_1_79' title='bbox 510 1953 584 2007; x_wconf 74' lang='lat' dir='ltr'><strong>datie</strong></span> <span class='ocrx_word' id='word_1_80' title='bbox 592 1953 686 2006; x_wconf 70' lang='lat' dir='ltr'><strong>histrio</strong></span> <span class='ocrx_word' id='word_1_81' title='bbox 691 1969 704 2014; x_wconf 92' lang='lat'><strong>,·</strong></span> <span class='ocrx_word' id='word_1_82' title='bbox 715 1962 744 2004; x_wconf 78' lang='lat' dir='ltr'><strong>te</strong></span> <span class='ocrx_word' id='word_1_83' title='bbox 751 1952 910 2014; x_wconf 73' lang='lat' dir='ltr'><strong>Camerinos,</strong></span> 
     </span>
     <span class='ocr_line' id='line_1_15' title="bbox 153 2027 823 2098; baseline 0 -19"><span class='ocrx_word' id='word_1_84' title='bbox 153 2027 193 2080; x_wconf 78' lang='lat' dir='ltr'><strong>Et</strong></span> <span class='ocrx_word' id='word_1_85' title='bbox 204 2027 314 2090; x_wconf 75' lang='lat' dir='ltr'><strong>Boreae,</strong></span> <span class='ocrx_word' id='word_1_86' title='bbox 328 2038 356 2080; x_wconf 84' lang='lat' dir='ltr'><strong>tu</strong></span> <span class='ocrx_word' id='word_1_87' title='bbox 368 2029 492 2082; x_wconf 76' lang='lat' dir='ltr'><strong>nobilium</strong></span> <span class='ocrx_word' id='word_1_88' title='bbox 503 2045 602 2098; x_wconf 79' lang='lat' dir='ltr'><strong>magea</strong></span> <span class='ocrx_word' id='word_1_89' title='bbox 612 2028 684 2080; x_wconf 81' lang='lat' dir='ltr'><strong>atrio</strong></span> <span class='ocrx_word' id='word_1_90' title='bbox 695 2044 780 2082; x_wconf 76' lang='lat' dir='ltr'><strong>curat.</strong></span> <span class='ocrx_word' id='word_1_91' title='bbox 821 2063 823 2067; x_wconf 91' lang='lat'><em>-</em></span> 
     </span>
     <span class='ocr_line' id='line_1_16' title="bbox 156 2101 817 2177; baseline 0.005 -25"><span class='ocrx_word' id='word_1_92' title='bbox 156 2101 311 2174; x_wconf 73' lang='lat' dir='ltr'><strong>Praefectos</strong></span> <span class='ocrx_word' id='word_1_93' title='bbox 323 2103 435 2175; x_wconf 81' lang='lat' dir='ltr'><strong>Pelopea</strong></span> <span class='ocrx_word' id='word_1_94' title='bbox 438 2103 522 2177; x_wconf 79' lang='lat' dir='ltr'><strong>facit,</strong></span> <span class='ocrx_word' id='word_1_95' title='bbox 535 2103 680 2156; x_wconf 77' lang='lat' dir='ltr'><strong>Philomela</strong></span> <span class='ocrx_word' id='word_1_96' title='bbox 692 2102 817 2156; x_wconf 68' lang='lat' dir='ltr'><strong>tribunos.</strong></span> 
     </span>
     <span class='ocr_line' id='line_1_17' title="bbox 135 2177 930 2249; baseline 0.001 -21"><span class='ocrx_word' id='word_1_97' title='bbox 135 2177 205 2229; x_wconf 80' lang='lat' dir='ltr'><strong>Erat</strong></span> <span class='ocrx_word' id='word_1_98' title='bbox 219 2185 276 2230; x_wconf 91' lang='lat' dir='ltr'><strong>tum</strong></span> <span class='ocrx_word' id='word_1_99' title='bbox 290 2179 319 2230; x_wconf 90' lang='lat' dir='ltr'><strong>in</strong></span> <span class='ocrx_word' id='word_1_100' title='bbox 334 2179 442 2231; x_wconf 85' lang='lat' dir='ltr'><strong>deliciis</strong></span> <span class='ocrx_word' id='word_1_101' title='bbox 457 2181 538 2234; x_wconf 88' lang='lat' dir='ltr'><strong>aulae</strong></span> <span class='ocrx_word' id='word_1_102' title='bbox 554 2178 666 2244; x_wconf 78' lang='lat' dir='ltr'><strong>histri03</strong></span> <span class='ocrx_word' id='word_1_103' title='bbox 690 2179 825 2249; x_wconf 85' lang='lat' dir='ltr'><strong>multique</strong></span> <span class='ocrx_word' id='word_1_104' title='bbox 839 2178 930 2230; x_wconf 82' lang='lat' dir='ltr'><strong>iarrto·</strong></span> 
     </span>
     <span class='ocr_line' id='line_1_18' title="bbox 137 2252 931 2323; baseline 0.004 -19"><span class='ocrx_word' id='word_1_105' title='bbox 137 2253 269 2307; x_wconf 74' lang='lat' dir='ltr'><strong>rumeins</strong></span> <span class='ocrx_word' id='word_1_106' title='bbox 281 2254 406 2323; x_wconf 88' lang='lat' dir='ltr'><strong>quotidie</strong></span> <span class='ocrx_word' id='word_1_107' title='bbox 416 2253 646 2323; x_wconf 81' lang='lat' dir='ltr'><strong>provehebantur.</strong></span> <span class='ocrx_word' id='word_1_108' title='bbox 684 2252 769 2308; x_wconf 84' lang='lat' dir='ltr'><strong>Venit</strong></span> <span class='ocrx_word' id='word_1_109' title='bbox 779 2269 844 2322; x_wconf 81' lang='lat' dir='ltr'><strong>ergo</strong></span> <span class='ocrx_word' id='word_1_110' title='bbox 855 2253 931 2307; x_wconf 80' lang='lat' dir='ltr'><strong>luve-</strong></span> 
     </span>
     <span class='ocr_line' id='line_1_19' title="bbox 136 2329 931 2400; baseline 0.005 -22"><span class='ocrx_word' id='word_1_111' title='bbox 136 2329 208 2379; x_wconf 81' lang='lat' dir='ltr'><strong>nalis</strong></span> <span class='ocrx_word' id='word_1_112' title='bbox 218 2329 247 2380; x_wconf 86' lang='lat' dir='ltr'><strong>in</strong></span> <span class='ocrx_word' id='word_1_113' title='bbox 258 2330 451 2396; x_wconf 68' lang='lat' dir='ltr'><strong>suspicionem,</strong></span> <span class='ocrx_word' id='word_1_114' title='bbox 458 2331 539 2399; x_wconf 84' lang='lat' dir='ltr'><strong>quasi</strong></span> <span class='ocrx_word' id='word_1_115' title='bbox 548 2339 673 2400; x_wconf 87' lang='lat' dir='ltr'><strong>tempora</strong></span> <span class='ocrx_word' id='word_1_116' title='bbox 679 2332 931 2400; x_wconf 76' lang='lat' dir='ltr'><strong>figuratenotaoeet,</strong></span> 
     </span>
     <span class='ocr_line' id='line_1_20' title="bbox 138 2403 1016 2476; baseline 0.007 -22"><span class='ocrx_word' id='word_1_117' title='bbox 138 2418 170 2454; x_wconf 90' lang='lat' dir='ltr'><strong>ac</strong></span> <span class='ocrx_word' id='word_1_118' title='bbox 180 2403 288 2468; x_wconf 79' lang='lat' dir='ltr'><strong>statim,</strong></span> <span class='ocrx_word' id='word_1_119' title='bbox 298 2419 347 2470; x_wconf 88' lang='lat' dir='ltr'><strong>per</strong></span> <span class='ocrx_word' id='word_1_120' title='bbox 358 2403 489 2458; x_wconf 88' lang='lat' dir='ltr'><strong>honorem</strong></span> <span class='ocrx_word' id='word_1_121' title='bbox 500 2406 628 2472; x_wconf 86' lang='lat' dir='ltr'><strong>militiae,</strong></span> <span class='ocrx_word' id='word_1_122' title='bbox 645 2421 812 2476; x_wconf 86' lang='lat' dir='ltr'><strong>quamquam</strong></span> <span class='ocrx_word' id='word_1_123' title='bbox 822 2411 932 2474; x_wconf 80' lang='lat' dir='ltr'><strong>octoge-</strong></span> <span class='ocrx_word' id='word_1_124' title='bbox 1015 2463 1016 2466; x_wconf 58' lang='grc'>,</span> 
     </span>
     <span class='ocr_line' id='line_1_21' title="bbox 137 2477 1016 2552; baseline 0.008 -25"><span class='ocrx_word' id='word_1_125' title='bbox 137 2477 246 2542; x_wconf 84' lang='lat' dir='ltr'><strong>narius,</strong></span> <span class='ocrx_word' id='word_1_126' title='bbox 260 2479 328 2532; x_wconf 89' lang='lat' dir='ltr'><strong>urhe</strong></span> <span class='ocrx_word' id='word_1_127' title='bbox 339 2487 503 2546; x_wconf 70' lang='lat' dir='ltr'><strong>summotus,</strong></span> <span class='ocrx_word' id='word_1_128' title='bbox 519 2483 673 2552; x_wconf 64' lang='lat' dir='ltr'><strong>nocensque</strong></span> <span class='ocrx_word' id='word_1_129' title='bbox 685 2481 719 2533; x_wconf 88' lang='lat' dir='ltr'><strong>ad</strong></span> <span class='ocrx_word' id='word_1_130' title='bbox 730 2479 930 2550; x_wconf 79' lang='lat' dir='ltr'><strong>praefecturam</strong></span> <span class='ocrx_word' id='word_1_131' title='bbox 1015 2505 1016 2534; x_wconf 75' lang='lat'>1</span> 
     </span>
     <span class='ocr_line' id='line_1_22' title="bbox 139 2549 1016 2626; baseline 0.006 -22"><span class='ocrx_word' id='word_1_132' title='bbox 139 2549 274 2617; x_wconf 78' lang='lat' dir='ltr'><strong>cohortis,</strong></span> <span class='ocrx_word' id='word_1_133' title='bbox 294 2554 324 2605; x_wconf 90' lang='lat' dir='ltr'><strong>in</strong></span> <span class='ocrx_word' id='word_1_134' title='bbox 344 2562 465 2608; x_wconf 84' lang='lat' dir='ltr'><strong>extrema</strong></span> <span class='ocrx_word' id='word_1_135' title='bbox 484 2557 602 2626; x_wconf 82' lang='lat' dir='ltr'><strong>Aegypti</strong></span> <span class='ocrx_word' id='word_1_136' title='bbox 620 2563 699 2624; x_wconf 88' lang='lat' dir='ltr'><strong>parte</strong></span> <span class='ocrx_word' id='word_1_137' title='bbox 716 2556 861 2608; x_wconf 82' lang='lat' dir='ltr'><strong>tendentia.</strong></span> <span class='ocrx_word' id='word_1_138' title='bbox 898 2557 930 2609; x_wconf 86' lang='lat' dir='ltr'><strong>ld</strong></span> <span class='ocrx_word' id='word_1_139' title='bbox 1015 2575 1016 2620; x_wconf 58' lang='lat' dir='ltr'><strong>t</strong></span> 
     </span>
     <span class='ocr_line' id='line_1_23' title="bbox 139 2628 1016 2701; baseline 0.009 -23"><span class='ocrx_word' id='word_1_140' title='bbox 139 2628 268 2697; x_wconf 75' lang='lat' dir='ltr'><strong>supplicii</strong></span> <span class='ocrx_word' id='word_1_141' title='bbox 277 2644 363 2697; x_wconf 81' lang='lat' dir='ltr'><strong>genus</strong></span> <span class='ocrx_word' id='word_1_142' title='bbox 373 2631 490 2699; x_wconf 76' lang='lat' dir='ltr'><strong>placuit,</strong></span> <span class='ocrx_word' id='word_1_143' title='bbox 500 2639 532 2684; x_wconf 86' lang='lat' dir='ltr'><strong>ut</strong></span> <span class='ocrx_word' id='word_1_144' title='bbox 542 2632 596 2684; x_wconf 90' lang='lat' dir='ltr'><strong>levi</strong></span> <span class='ocrx_word' id='word_1_145' title='bbox 607 2637 689 2701; x_wconf 86' lang='lat' dir='ltr'><strong>atque</strong></span> <span class='ocrx_word' id='word_1_146' title='bbox 698 2631 819 2684; x_wconf 83' lang='lat' dir='ltr'><strong>ioculari</strong></span> <span class='ocrx_word' id='word_1_147' title='bbox 829 2631 930 2686; x_wconf 86' lang='lat' dir='ltr'><strong>delicto</strong></span> <span class='ocrx_word' id='word_1_148' title='bbox 1015 2629 1016 2690; x_wconf 62' lang='grc' dir='ltr'>ζ</span> 
     </span>
     <span class='ocr_line' id='line_1_24' title="bbox 138 2704 930 2776; baseline 0.01 -23"><span class='ocrx_word' id='word_1_149' title='bbox 138 2716 189 2772; x_wconf 87' lang='lat' dir='ltr'><strong>par</strong></span> <span class='ocrx_word' id='word_1_150' title='bbox 198 2711 279 2756; x_wconf 79' lang='lat' dir='ltr'><strong>esset.</strong></span> <span class='ocrx_word' id='word_1_151' title='bbox 313 2704 415 2758; x_wconf 87' lang='lat' dir='ltr'><strong>Verum</strong></span> <span class='ocrx_word' id='word_1_152' title='bbox 426 2706 500 2758; x_wconf 89' lang='lat' dir='ltr'><strong>intr&#39;a</strong></span> <span class='ocrx_word' id='word_1_153' title='bbox 509 2706 699 2760; x_wconf 77' lang='lat' dir='ltr'><strong>brevissimum</strong></span> <span class='ocrx_word' id='word_1_154' title='bbox 711 2713 817 2776; x_wconf 81' lang='lat' dir='ltr'><strong>tempus</strong></span> <span class='ocrx_word' id='word_1_155' title='bbox 828 2723 930 2776; x_wconf 80' lang='lat' dir='ltr'><strong>angore</strong></span> 
     </span>
    </p>
   </div>
   <div class='ocr_carea' id='block_1_5' title="bbox 140 2751 1016 3006">
    <p class='ocr_par' dir='ltr' id='par_1_5' title="bbox 140 2751 1016 3006">
     <span class='ocr_line' id='line_1_25' title="bbox 140 2751 1016 3006; baseline 0 -176"><span class='ocrx_word' id='word_1_156' title='bbox 140 2784 165 2835; x_wconf 80' lang='lat' dir='ltr'><strong>et</strong></span> <span class='ocrx_word' id='word_1_157' title='bbox 174 2777 267 2833; x_wconf 83' lang='lat' dir='ltr'><strong>taedio</strong></span> <span class='ocrx_word' id='word_1_158' title='bbox 279 2782 368 2854; x_wconf 84' lang='lat' dir='ltr'><strong>periit.</strong></span> <span class='ocrx_word' id='word_1_159' title='bbox 888 2751 1016 3006; x_wconf 43' lang='lat' dir='ltr'><em>A</em></span> 
     </span>
     <span class='ocr_line' id='line_1_26' title="bbox 435 2881 853 2917; baseline -0.005 -11"><span class='ocrx_word' id='word_1_160' title='bbox 435 2881 626 2910; x_wconf 45' lang='lat' dir='ltr'><strong>mm..-</strong></span> <span class='ocrx_word' id='word_1_161' title='bbox 852 2914 853 2917; x_wconf 8' lang='grc' dir='ltr'><strong>Ἴ</strong></span> 
     </span>
    </p>
   </div>
   <div class='ocr_carea' id='block_1_6' title="bbox 0 0 1033 3028">
    <p class='ocr_par' dir='ltr' id='par_1_6' title="bbox 0 0 1033 3028">
     <span class='ocr_line' id='line_1_27' title="bbox 0 0 1033 3028; baseline 0 0"><span class='ocrx_word' id='word_1_162' title='bbox 0 0 1033 3028; x_wconf 95' lang='lat' dir='ltr'><strong> </strong></span> 
     </span>
    </p>
   </div>
  </div>
 </body>
</html>
