<?xml version="1.0" encoding="UTF-8"?>
<!DOCTYPE html PUBLIC "-//W3C//DTD XHTML 1.0 Transitional//EN"
    "http://www.w3.org/TR/xhtml1/DTD/xhtml1-transitional.dtd">
<html xmlns="http://www.w3.org/1999/xhtml" xml:lang="en" lang="en">
 <head>
  <title>
</title>
<meta http-equiv="Content-Type" content="text/html;charset=utf-8" />
  <meta name='ocr-system' content='tesseract 3.04.00' />
  <meta name='ocr-capabilities' content='ocr_page ocr_carea ocr_par ocr_line ocrx_word'/>
</head>
<body>
  <div class='ocr_page' id='page_1' title='image "./csuetoniitranqu05suetgoog_0212.png"; bbox 0 0 2050 3034; ppageno 0'>
   <div class='ocr_carea' id='block_1_1' title="bbox 72 187 642 256">
    <p class='ocr_par' dir='ltr' id='par_1_1' title="bbox 72 187 642 256">
     <span class='ocr_line' id='line_1_1' title="bbox 72 187 642 256; baseline -0.009 1"><span class='ocrx_word' id='word_1_1' title='bbox 72 187 83 208; x_wconf 89' lang='lat'>’</span> <span class='ocrx_word' id='word_1_2' title='bbox 124 200 175 256; x_wconf 74' lang='lat' dir='ltr'>roo</span> <span class='ocrx_word' id='word_1_3' title='bbox 407 203 434 254; x_wconf 89' lang='lat' dir='ltr'>c.</span> <span class='ocrx_word' id='word_1_4' title='bbox 457 200 642 254; x_wconf 80' lang='lat' dir='ltr'>sorrcuu</span> 
     </span>
    </p>
   </div>
   <div class='ocr_carea' id='block_1_2' title="bbox 124 323 924 550">
    <p class='ocr_par' dir='ltr' id='par_1_2' title="bbox 124 323 924 550">
     <span class='ocr_line' id='line_1_2' title="bbox 125 323 924 399; baseline -0.001 -15"><span class='ocrx_word' id='word_1_5' title='bbox 125 337 255 385; x_wconf 83' lang='lat' dir='ltr'>extranco</span> <span class='ocrx_word' id='word_1_6' title='bbox 276 329 417 384; x_wconf 84' lang='lat' dir='ltr'>ueletiam</span> <span class='ocrx_word' id='word_1_7' title='bbox 432 331 647 383; x_wconf 88' lang='lat' dir='ltr'>domesticorum</span> <span class='ocrx_word' id='word_1_8' title='bbox 661 329 756 399; x_wconf 88' lang='lat' dir='ltr'>aliquo</span> <span class='ocrx_word' id='word_1_9' title='bbox 773 323 924 396; x_wconf 83' lang='lat' dir='ltr'>deferente,</span> 
     </span>
     <span class='ocr_line' id='line_1_3' title="bbox 125 405 923 474; baseline -0.001 -16"><span class='ocrx_word' id='word_1_10' title='bbox 125 405 235 458; x_wconf 80' lang='lat' dir='ltr'>assidue</span> <span class='ocrx_word' id='word_1_11' title='bbox 256 406 385 474; x_wconf 88' lang='lat' dir='ltr'>varieque</span> <span class='ocrx_word' id='word_1_12' title='bbox 404 406 582 473; x_wconf 75' lang='lat' dir='ltr'><strong>inquietatus.</strong></span> <span class='ocrx_word' id='word_1_13' title='bbox 622 407 717 474; x_wconf 75' lang='lat' dir='ltr'>Quum</span> <span class='ocrx_word' id='word_1_14' title='bbox 730 421 794 458; x_wconf 89' lang='lat' dir='ltr'>vero</span> <span class='ocrx_word' id='word_1_15' title='bbox 813 405 923 457; x_wconf 86' lang='lat' dir='ltr'>detecta</span> 
     </span>
     <span class='ocr_line' id='line_1_4' title="bbox 124 479 923 550; baseline -0.003 -18"><span class='ocrx_word' id='word_1_16' title='bbox 124 488 197 533; x_wconf 88' lang='lat' dir='ltr'>esset</span> <span class='ocrx_word' id='word_1_17' title='bbox 206 480 307 550; x_wconf 83' lang='lat' dir='ltr'><strong>Lepidi</strong></span> <span class='ocrx_word' id='word_1_18' title='bbox 317 488 344 532; x_wconf 90' lang='lat' dir='ltr'>et</span> <span class='ocrx_word' id='word_1_19' title='bbox 355 481 494 532; x_wconf 83' lang='lat' dir='ltr'>Gaetulici</span> <span class='ocrx_word' id='word_1_20' title='bbox 508 481 676 544; x_wconf 85' lang='lat' dir='ltr'>coniuratio,</span> <span class='ocrx_word' id='word_1_21' title='bbox 698 481 798 532; x_wconf 89' lang='lat' dir='ltr'>missus</span> <span class='ocrx_word' id='word_1_22' title='bbox 812 481 842 531; x_wconf 86' lang='lat' dir='ltr'>iu</span> <span class='ocrx_word' id='word_1_23' title='bbox 854 479 923 532; x_wconf 87' lang='lat' dir='ltr'>Ger-</span> 
     </span>
    </p>
   </div>
   <div class='ocr_carea' id='block_1_3' title="bbox 53 553 1011 622">
    <p class='ocr_par' dir='ltr' id='par_1_3' title="bbox 53 553 1011 622">
     <span class='ocr_line' id='line_1_5' title="bbox 53 553 1011 622; baseline -0.001 -16"><span class='ocrx_word' id='word_1_24' title='bbox 53 573 56 580; x_wconf 87' lang='lat'>·</span> <span class='ocrx_word' id='word_1_25' title='bbox 123 557 244 608; x_wconf 89' lang='lat' dir='ltr'>maniam</span> <span class='ocrx_word' id='word_1_26' title='bbox 258 556 329 608; x_wconf 91' lang='lat' dir='ltr'>inter</span> <span class='ocrx_word' id='word_1_27' title='bbox 343 555 450 622; x_wconf 90' lang='lat' dir='ltr'>legatos</span> <span class='ocrx_word' id='word_1_28' title='bbox 467 554 502 606; x_wconf 90' lang='lat' dir='ltr'>ad</span> <span class='ocrx_word' id='word_1_29' title='bbox 520 553 726 622; x_wconf 86' lang='lat' dir='ltr'>gratulandum,</span> <span class='ocrx_word' id='word_1_30' title='bbox 747 555 832 606; x_wconf 85' lang='lat' dir='ltr'>etiam</span> <span class='ocrx_word' id='word_1_31' title='bbox 846 556 923 606; x_wconf 84' lang='lat' dir='ltr'>vitae</span> <span class='ocrx_word' id='word_1_32' title='bbox 1010 581 1011 592; x_wconf 32' lang='grc' dir='ltr'>π</span> 
     </span>
    </p>
   </div>
   <div class='ocr_carea' id='block_1_4' title="bbox 124 628 922 700">
    <p class='ocr_par' dir='ltr' id='par_1_4' title="bbox 124 628 922 700">
     <span class='ocr_line' id='line_1_6' title="bbox 124 628 922 700; baseline -0.001 -19"><span class='ocrx_word' id='word_1_33' title='bbox 124 629 275 698; x_wconf 87' lang='lat' dir='ltr'>periculum</span> <span class='ocrx_word' id='word_1_34' title='bbox 291 629 372 695; x_wconf 88' lang='lat' dir='ltr'>adiit,</span> <span class='ocrx_word' id='word_1_35' title='bbox 392 629 552 700; x_wconf 78' lang='lat' dir='ltr'>indignante</span> <span class='ocrx_word' id='word_1_36' title='bbox 571 646 604 680; x_wconf 87' lang='lat' dir='ltr'>ac</span> <span class='ocrx_word' id='word_1_37' title='bbox 621 628 751 680; x_wconf 87' lang='lat' dir='ltr'>fremente</span> <span class='ocrx_word' id='word_1_38' title='bbox 768 629 850 693; x_wconf 86' lang='lat' dir='ltr'>Caio,</span> <span class='ocrx_word' id='word_1_39' title='bbox 872 645 922 696; x_wconf 86' lang='lat' dir='ltr'>pa-</span> 
     </span>
    </p>
   </div>
   <div class='ocr_carea' id='block_1_5' title="bbox 123 702 1011 771">
    <p class='ocr_par' dir='ltr' id='par_1_5' title="bbox 123 702 1011 771">
     <span class='ocr_line' id='line_1_7' title="bbox 123 702 1011 771; baseline -0.005 -12"><span class='ocrx_word' id='word_1_40' title='bbox 123 712 214 759; x_wconf 81' lang='lat' dir='ltr'>truum</span> <span class='ocrx_word' id='word_1_41' title='bbox 229 703 404 770; x_wconf 86' lang='lat' dir='ltr'>potissimum</span> <span class='ocrx_word' id='word_1_42' title='bbox 419 705 454 755; x_wconf 89' lang='lat' dir='ltr'>ad</span> <span class='ocrx_word' id='word_1_43' title='bbox 469 720 498 756; x_wconf 91' lang='lat' dir='ltr'>se</span> <span class='ocrx_word' id='word_1_44' title='bbox 513 705 638 767; x_wconf 88' lang='lat' dir='ltr'>missum,</span> <span class='ocrx_word' id='word_1_45' title='bbox 659 704 739 771; x_wconf 80' lang='lat' dir='ltr'>quasi</span> <span class='ocrx_word' id='word_1_46' title='bbox 754 702 789 752; x_wconf 91' lang='lat' dir='ltr'>ad</span> <span class='ocrx_word' id='word_1_47' title='bbox 803 720 921 771; x_wconf 90' lang='lat' dir='ltr'>puerum</span> <span class='ocrx_word' id='word_1_48' title='bbox 1010 763 1011 770; x_wconf 9' lang='grc' dir='ltr'>ἵ</span> 
     </span>
    </p>
   </div>
   <div class='ocr_carea' id='block_1_6' title="bbox 122 777 922 1068">
    <p class='ocr_par' dir='ltr' id='par_1_6' title="bbox 122 777 922 1068">
     <span class='ocr_line' id='line_1_8' title="bbox 122 777 921 846; baseline -0.003 -16"><span class='ocrx_word' id='word_1_49' title='bbox 122 778 283 846; x_wconf 81' lang='lat' dir='ltr'>regendum3</span> <span class='ocrx_word' id='word_1_50' title='bbox 314 777 383 831; x_wconf 86' lang='lat' dir='ltr'>adeo</span> <span class='ocrx_word' id='word_1_51' title='bbox 403 785 509 830; x_wconf 88' lang='lat' dir='ltr'>utnon</span> <span class='ocrx_word' id='word_1_52' title='bbox 530 778 676 842; x_wconf 84' lang='lat' dir='ltr'>defuerint,</span> <span class='ocrx_word' id='word_1_53' title='bbox 702 778 750 845; x_wconf 89' lang='lat' dir='ltr'>qui</span> <span class='ocrx_word' id='word_1_54' title='bbox 768 778 921 842; x_wconf 82' lang='lat' dir='ltr'>traderent,</span> 
     </span>
     <span class='ocr_line' id='line_1_9' title="bbox 123 853 922 924; baseline 0.001 -21"><span class='ocrx_word' id='word_1_55' title='bbox 123 853 334 922; x_wconf 79' lang='lat' dir='ltr'>praecipitauou</span> <span class='ocrx_word' id='word_1_56' title='bbox 346 869 455 924; x_wconf 90' lang='lat' dir='ltr'>quoque</span> <span class='ocrx_word' id='word_1_57' title='bbox 465 855 495 904; x_wconf 91' lang='lat' dir='ltr'>in</span> <span class='ocrx_word' id='word_1_58' title='bbox 505 853 617 917; x_wconf 85' lang='lat' dir='ltr'>ilumen,</span> <span class='ocrx_word' id='word_1_59' title='bbox 629 854 701 904; x_wconf 89' lang='lat' dir='ltr'>sicut</span> <span class='ocrx_word' id='word_1_60' title='bbox 710 853 826 903; x_wconf 87' lang='lat' dir='ltr'>vestitus</span> <span class='ocrx_word' id='word_1_61' title='bbox 838 854 922 904; x_wconf 90' lang='lat' dir='ltr'>adve-</span> 
     </span>
     <span class='ocr_line' id='line_1_10' title="bbox 122 927 922 996; baseline 0.001 -19"><span class='ocrx_word' id='word_1_62' title='bbox 122 933 209 980; x_wconf 86' lang='lat' dir='ltr'>nerat.</span> <span class='ocrx_word' id='word_1_63' title='bbox 248 927 336 996; x_wconf 68' lang='lat' dir='ltr'>litque</span> <span class='ocrx_word' id='word_1_64' title='bbox 351 943 385 980; x_wconf 84' lang='lat' dir='ltr'>ex</span> <span class='ocrx_word' id='word_1_65' title='bbox 399 944 431 980; x_wconf 92' lang='lat' dir='ltr'>eo</span> <span class='ocrx_word' id='word_1_66' title='bbox 447 943 586 995; x_wconf 87' lang='lat' dir='ltr'>nunquam</span> <span class='ocrx_word' id='word_1_67' title='bbox 600 943 656 978; x_wconf 87' lang='lat' dir='ltr'>non</span> <span class='ocrx_word' id='word_1_68' title='bbox 669 927 699 978; x_wconf 91' lang='lat' dir='ltr'>in</span> <span class='ocrx_word' id='word_1_69' title='bbox 714 933 812 978; x_wconf 87' lang='lat' dir='ltr'>senato</span> <span class='ocrx_word' id='word_1_70' title='bbox 825 929 922 979; x_wconf 89' lang='lat' dir='ltr'>novis-</span> 
     </span>
     <span class='ocr_line' id='line_1_11' title="bbox 122 1002 921 1068; baseline -0.001 -15"><span class='ocrx_word' id='word_1_71' title='bbox 122 1004 208 1054; x_wconf 89' lang='lat' dir='ltr'>simus</span> <span class='ocrx_word' id='word_1_72' title='bbox 220 1003 406 1055; x_wconf 80' lang='lat' dir='ltr'>consularium</span> <span class='ocrx_word' id='word_1_73' title='bbox 417 1003 579 1054; x_wconf 87' lang='lat' dir='ltr'>sententiam</span> <span class='ocrx_word' id='word_1_74' title='bbox 591 1002 843 1068; x_wconf 83' lang='lat' dir='ltr'>dixit,ignominiae</span> <span class='ocrx_word' id='word_1_75' title='bbox 855 1017 921 1053; x_wconf 84' lang='lat' dir='ltr'>cau·</span> 
     </span>
    </p>
   </div>
   <div class='ocr_carea' id='block_1_7' title="bbox 120 1075 1011 1221">
    <p class='ocr_par' dir='ltr' id='par_1_7' title="bbox 120 1075 1011 1221">
     <span class='ocr_line' id='line_1_12' title="bbox 122 1075 1011 1148; baseline -0.004 -20"><span class='ocrx_word' id='word_1_76' title='bbox 122 1093 154 1128; x_wconf 88' lang='lat' dir='ltr'>sa</span> <span class='ocrx_word' id='word_1_77' title='bbox 169 1083 233 1148; x_wconf 90' lang='lat' dir='ltr'>post</span> <span class='ocrx_word' id='word_1_78' title='bbox 253 1094 347 1129; x_wconf 90' lang='lat' dir='ltr'>omnes</span> <span class='ocrx_word' id='word_1_79' title='bbox 367 1079 563 1144; x_wconf 87' lang='lat' dir='ltr'>interrogatus.</span> <span class='ocrx_word' id='word_1_80' title='bbox 601 1075 693 1126; x_wconf 86' lang='lat' dir='ltr'>Etiam</span> <span class='ocrx_word' id='word_1_81' title='bbox 714 1076 837 1143; x_wconf 82' lang='lat' dir='ltr'>cognitio</span> <span class='ocrx_word' id='word_1_82' title='bbox 853 1077 921 1132; x_wconf 79' lang='lat' dir='ltr'>falsi</span> <span class='ocrx_word' id='word_1_83' title='bbox 1010 1121 1011 1124; x_wconf 76' lang='grc'>,</span> 
     </span>
     <span class='ocr_line' id='line_1_13' title="bbox 120 1151 1011 1221; baseline -0.003 -17"><span class='ocrx_word' id='word_1_84' title='bbox 120 1153 278 1204; x_wconf 80' lang='lat' dir='ltr'>testamenti</span> <span class='ocrx_word' id='word_1_85' title='bbox 287 1159 397 1221; x_wconf 90' lang='lat' dir='ltr'>recepta</span> <span class='ocrx_word' id='word_1_86' title='bbox 408 1157 457 1217; x_wconf 86' lang='lat' dir='ltr'>est,</span> <span class='ocrx_word' id='word_1_87' title='bbox 468 1153 497 1202; x_wconf 89' lang='lat' dir='ltr'>in</span> <span class='ocrx_word' id='word_1_88' title='bbox 509 1167 563 1219; x_wconf 89' lang='lat' dir='ltr'>quo</span> <span class='ocrx_word' id='word_1_89' title='bbox 575 1153 670 1217; x_wconf 90' lang='lat' dir='ltr'>etipse</span> <span class='ocrx_word' id='word_1_90' title='bbox 681 1151 847 1218; x_wconf 78' lang='lat' dir='ltr'>signaverat.</span> <span class='ocrx_word' id='word_1_91' title='bbox 864 1151 920 1207; x_wconf 91' lang='lat' dir='ltr'>Po·</span> <span class='ocrx_word' id='word_1_92' title='bbox 1010 1151 1011 1208; x_wconf 65' lang='grc' dir='ltr'>ζ</span> 
     </span>
    </p>
   </div>
   <div class='ocr_carea' id='block_1_8' title="bbox 62 1224 921 2190">
    <p class='ocr_par' dir='ltr' id='par_1_8' title="bbox 62 1224 921 1594">
     <span class='ocr_line' id='line_1_14' title="bbox 62 1224 921 1294; baseline -0.002 -16"><span class='ocrx_word' id='word_1_93' title='bbox 62 1253 65 1258; x_wconf 92' lang='grc'><strong>-</strong></span> <span class='ocrx_word' id='word_1_94' title='bbox 121 1237 222 1278; x_wconf 88' lang='lat' dir='ltr'>stremo</span> <span class='ocrx_word' id='word_1_95' title='bbox 244 1227 327 1278; x_wconf 88' lang='lat' dir='ltr'>etiam</span> <span class='ocrx_word' id='word_1_96' title='bbox 342 1227 497 1279; x_wconf 86' lang='lat' dir='ltr'>sestertium</span> <span class='ocrx_word' id='word_1_97' title='bbox 512 1227 635 1294; x_wconf 84' lang='lat' dir='ltr'>octogies</span> <span class='ocrx_word' id='word_1_98' title='bbox 655 1240 704 1292; x_wconf 94' lang='lat' dir='ltr'>pro</span> <span class='ocrx_word' id='word_1_99' title='bbox 720 1224 838 1276; x_wconf 86' lang='lat' dir='ltr'>introitu</span> <span class='ocrx_word' id='word_1_100' title='bbox 851 1227 921 1277; x_wconf 70' lang='lat' dir='ltr'>nervi</span> 
     </span>
     <span class='ocr_line' id='line_1_15' title="bbox 120 1299 919 1368; baseline -0.001 -16"><span class='ocrx_word' id='word_1_101' title='bbox 120 1302 271 1354; x_wconf 88' lang='lat' dir='ltr'>sacerdotii</span> <span class='ocrx_word' id='word_1_102' title='bbox 285 1308 397 1354; x_wconf 87' lang='lat' dir='ltr'>coactus</span> <span class='ocrx_word' id='word_1_103' title='bbox 411 1301 579 1368; x_wconf 83' lang='lat' dir='ltr'>impendere,</span> <span class='ocrx_word' id='word_1_104' title='bbox 601 1299 635 1351; x_wconf 90' lang='lat' dir='ltr'>ad</span> <span class='ocrx_word' id='word_1_105' title='bbox 651 1315 698 1350; x_wconf 87' lang='lat' dir='ltr'>eas</span> <span class='ocrx_word' id='word_1_106' title='bbox 713 1301 754 1351; x_wconf 90' lang='lat' dir='ltr'>rei</span> <span class='ocrx_word' id='word_1_107' title='bbox 768 1299 919 1351; x_wconf 81' lang='lat' dir='ltr'>familiaris</span> 
     </span>
     <span class='ocr_line' id='line_1_16' title="bbox 121 1374 919 1445; baseline -0.001 -19"><span class='ocrx_word' id='word_1_108' title='bbox 121 1377 263 1444; x_wconf 86' lang='lat' dir='ltr'>augustias</span> <span class='ocrx_word' id='word_1_109' title='bbox 275 1375 390 1440; x_wconf 89' lang='lat' dir='ltr'>decidit,</span> <span class='ocrx_word' id='word_1_110' title='bbox 404 1381 444 1439; x_wconf 87' lang='lat' dir='ltr'>ut,</span> <span class='ocrx_word' id='word_1_111' title='bbox 457 1392 539 1445; x_wconf 86' lang='lat' dir='ltr'>qumu</span> <span class='ocrx_word' id='word_1_112' title='bbox 551 1375 701 1442; x_wconf 82' lang='lat' dir='ltr'>obligatam</span> <span class='ocrx_word' id='word_1_113' title='bbox 714 1374 822 1426; x_wconf 85' lang='lat' dir='ltr'>aerario</span> <span class='ocrx_word' id='word_1_114' title='bbox 835 1375 919 1426; x_wconf 83' lang='lat' dir='ltr'>fidem</span> 
     </span>
     <span class='ocr_line' id='line_1_17' title="bbox 120 1449 919 1518; baseline 0 -16"><span class='ocrx_word' id='word_1_115' title='bbox 120 1450 239 1502; x_wconf 81' lang='lat' dir='ltr'>liberare</span> <span class='ocrx_word' id='word_1_116' title='bbox 249 1466 305 1502; x_wconf 92' lang='lat' dir='ltr'>non</span> <span class='ocrx_word' id='word_1_117' title='bbox 315 1456 422 1518; x_wconf 87' lang='lat' dir='ltr'>posset,</span> <span class='ocrx_word' id='word_1_118' title='bbox 436 1451 465 1501; x_wconf 91' lang='lat' dir='ltr'>in</span> <span class='ocrx_word' id='word_1_119' title='bbox 475 1465 591 1502; x_wconf 84' lang='lat' dir='ltr'>vacuum</span> <span class='ocrx_word' id='word_1_120' title='bbox 601 1449 661 1516; x_wconf 85' lang='lat' dir='ltr'>lege</span> <span class='ocrx_word' id='word_1_121' title='bbox 671 1449 862 1517; x_wconf 89' lang='lat' dir='ltr'>praediatoria</span> <span class='ocrx_word' id='word_1_122' title='bbox 873 1466 919 1502; x_wconf 89' lang='lat' dir='ltr'>ve-</span> 
     </span>
     <span class='ocr_line' id='line_1_18' title="bbox 119 1523 745 1594; baseline -0.003 -18"><span class='ocrx_word' id='word_1_123' title='bbox 119 1525 192 1576; x_wconf 89' lang='lat' dir='ltr'>nalis</span> <span class='ocrx_word' id='word_1_124' title='bbox 203 1525 362 1594; x_wconf 81' lang='lat' dir='ltr'>pependerit</span> <span class='ocrx_word' id='word_1_125' title='bbox 372 1526 422 1575; x_wconf 90' lang='lat' dir='ltr'>sub</span> <span class='ocrx_word' id='word_1_126' title='bbox 433 1525 524 1576; x_wconf 86' lang='lat' dir='ltr'>edicto</span> <span class='ocrx_word' id='word_1_127' title='bbox 535 1523 745 1591; x_wconf 84' lang='lat' dir='ltr'>praefectorum.</span> 
     </span>
    </p>

    <p class='ocr_par' dir='ltr' id='par_1_9' title="bbox 119 1598 920 2190">
     <span class='ocr_line' id='line_1_19' title="bbox 176 1598 919 1664; baseline 0.001 -15"><span class='ocrx_word' id='word_1_128' title='bbox 176 1601 211 1650; x_wconf 88' lang='lat' dir='ltr'>X.</span> <span class='ocrx_word' id='word_1_129' title='bbox 232 1599 285 1651; x_wconf 91' lang='lat' dir='ltr'>Per</span> <span class='ocrx_word' id='word_1_130' title='bbox 294 1598 362 1650; x_wconf 87' lang='lat' dir='ltr'>haec</span> <span class='ocrx_word' id='word_1_131' title='bbox 373 1599 485 1650; x_wconf 84' lang='lat' dir='ltr'>actalia</span> <span class='ocrx_word' id='word_1_132' title='bbox 499 1599 619 1650; x_wconf 80' lang='lat' dir='ltr'>maxima</span> <span class='ocrx_word' id='word_1_133' title='bbox 630 1600 728 1650; x_wconf 91' lang='lat' dir='ltr'>aetatis</span> <span class='ocrx_word' id='word_1_134' title='bbox 737 1605 816 1664; x_wconf 91' lang='lat' dir='ltr'>parte</span> <span class='ocrx_word' id='word_1_135' title='bbox 827 1605 919 1650; x_wconf 88' lang='lat' dir='ltr'>traus-</span> 
     </span>
     <span class='ocr_line' id='line_1_20' title="bbox 121 1673 918 1743; baseline 0 -19"><span class='ocrx_word' id='word_1_136' title='bbox 121 1680 191 1738; x_wconf 89' lang='lat' dir='ltr'>acta,</span> <span class='ocrx_word' id='word_1_137' title='bbox 204 1673 430 1740; x_wconf 88' lang='lat' dir='ltr'>quinquagesimo</span> <span class='ocrx_word' id='word_1_138' title='bbox 443 1687 514 1725; x_wconf 90' lang='lat' dir='ltr'>anno</span> <span class='ocrx_word' id='word_1_139' title='bbox 525 1674 670 1743; x_wconf 89' lang='lat' dir='ltr'>imperium</span> <span class='ocrx_word' id='word_1_140' title='bbox 680 1673 759 1739; x_wconf 91' lang='lat' dir='ltr'>cepit,</span> <span class='ocrx_word' id='word_1_141' title='bbox 772 1680 918 1740; x_wconf 88' lang='lat' dir='ltr'>quantum-</span> 
     </span>
     <span class='ocr_line' id='line_1_21' title="bbox 119 1746 919 1800; baseline 0 -1"><span class='ocrx_word' id='word_1_142' title='bbox 119 1750 161 1799; x_wconf 86' lang='lat' dir='ltr'>vis</span> <span class='ocrx_word' id='word_1_143' title='bbox 172 1748 294 1798; x_wconf 86' lang='lat' dir='ltr'>mirabili</span> <span class='ocrx_word' id='word_1_144' title='bbox 305 1763 380 1800; x_wconf 89' lang='lat' dir='ltr'>casu.</span> <span class='ocrx_word' id='word_1_145' title='bbox 410 1746 546 1800; x_wconf 83' lang='lat' dir='ltr'>Exclusus</span> <span class='ocrx_word' id='word_1_146' title='bbox 556 1750 628 1800; x_wconf 89' lang='lat' dir='ltr'>iuter</span> <span class='ocrx_word' id='word_1_147' title='bbox 638 1754 743 1800; x_wconf 90' lang='lat' dir='ltr'>ceteros</span> <span class='ocrx_word' id='word_1_148' title='bbox 755 1748 789 1799; x_wconf 88' lang='lat' dir='ltr'>ab</span> <span class='ocrx_word' id='word_1_149' title='bbox 800 1748 919 1799; x_wconf 88' lang='lat' dir='ltr'>iusidia-</span> 
     </span>
     <span class='ocr_line' id='line_1_22' title="bbox 121 1822 917 1892; baseline 0 -18"><span class='ocrx_word' id='word_1_150' title='bbox 121 1823 228 1874; x_wconf 86' lang='lat' dir='ltr'>toribus</span> <span class='ocrx_word' id='word_1_151' title='bbox 240 1823 313 1888; x_wconf 87' lang='lat' dir='ltr'>Caii,</span> <span class='ocrx_word' id='word_1_152' title='bbox 335 1839 431 1892; x_wconf 92' lang='lat' dir='ltr'>quum,</span> <span class='ocrx_word' id='word_1_153' title='bbox 453 1824 532 1890; x_wconf 89' lang='lat' dir='ltr'>quasi</span> <span class='ocrx_word' id='word_1_154' title='bbox 543 1829 676 1875; x_wconf 88' lang='lat' dir='ltr'>secretum</span> <span class='ocrx_word' id='word_1_155' title='bbox 687 1838 719 1873; x_wconf 91' lang='lat' dir='ltr'>eo</span> <span class='ocrx_word' id='word_1_156' title='bbox 732 1822 917 1886; x_wconf 85' lang='lat' dir='ltr'>desiderante,</span> 
     </span>
     <span class='ocr_line' id='line_1_23' title="bbox 119 1897 920 1963; baseline -0.002 -14"><span class='ocrx_word' id='word_1_157' title='bbox 119 1898 229 1950; x_wconf 90' lang='lat' dir='ltr'>turbam</span> <span class='ocrx_word' id='word_1_158' title='bbox 249 1905 461 1963; x_wconf 82' lang='lat' dir='ltr'>summoverent,</span> <span class='ocrx_word' id='word_1_159' title='bbox 482 1900 511 1949; x_wconf 92' lang='lat' dir='ltr'>in</span> <span class='ocrx_word' id='word_1_160' title='bbox 532 1898 665 1961; x_wconf 81' lang='lat' dir='ltr'>diaetam,</span> <span class='ocrx_word' id='word_1_161' title='bbox 692 1897 736 1948; x_wconf 92' lang='lat' dir='ltr'>cui</span> <span class='ocrx_word' id='word_1_162' title='bbox 755 1911 856 1950; x_wconf 88' lang='lat' dir='ltr'>nomeu</span> <span class='ocrx_word' id='word_1_163' title='bbox 877 1905 920 1948; x_wconf 88' lang='lat' dir='ltr'>est</span> 
     </span>
     <span class='ocr_line' id='line_1_24' title="bbox 120 1971 918 2039; baseline -0.004 -14"><span class='ocrx_word' id='word_1_164' title='bbox 120 1972 294 2036; x_wconf 82' lang='lat' dir='ltr'>Hermaeum,</span> <span class='ocrx_word' id='word_1_165' title='bbox 309 1980 467 2026; x_wconf 89' lang='lat' dir='ltr'>recesserat.</span> <span class='ocrx_word' id='word_1_166' title='bbox 507 1971 601 2039; x_wconf 87' lang='lat' dir='ltr'>Neque</span> <span class='ocrx_word' id='word_1_167' title='bbox 617 1973 706 2023; x_wconf 86' lang='lat' dir='ltr'>multo¹</span> <span class='ocrx_word' id='word_1_168' title='bbox 714 1977 789 2038; x_wconf 90' lang='lat' dir='ltr'>post,</span> <span class='ocrx_word' id='word_1_169' title='bbox 805 1988 918 2024; x_wconf 91' lang='lat' dir='ltr'>rumore</span> 
     </span>
     <span class='ocr_line' id='line_1_25' title="bbox 122 2045 918 2115; baseline -0.001 -17"><span class='ocrx_word' id='word_1_170' title='bbox 122 2049 214 2100; x_wconf 87' lang='lat' dir='ltr'>caedis</span> <span class='ocrx_word' id='word_1_171' title='bbox 225 2050 383 2113; x_wconf 84' lang='lat' dir='ltr'>exterritus,</span> <span class='ocrx_word' id='word_1_172' title='bbox 404 2049 541 2115; x_wconf 87' lang='lat' dir='ltr'>prorepsit</span> <span class='ocrx_word' id='word_1_173' title='bbox 557 2048 592 2098; x_wconf 90' lang='lat' dir='ltr'>ad</span> <span class='ocrx_word' id='word_1_174' title='bbox 607 2045 740 2098; x_wconf 88' lang='lat' dir='ltr'>solarium</span> <span class='ocrx_word' id='word_1_175' title='bbox 749 2047 918 2115; x_wconf 80' lang='lat' dir='ltr'>proximum,</span> 
     </span>
     <span class='ocr_line' id='line_1_26' title="bbox 119 2120 919 2190; baseline -0.001 -18"><span class='ocrx_word' id='word_1_176' title='bbox 119 2123 246 2188; x_wconf 89' lang='lat' dir='ltr'>interque</span> <span class='ocrx_word' id='word_1_177' title='bbox 261 2129 403 2190; x_wconf 88' lang='lat' dir='ltr'>praetenta</span> <span class='ocrx_word' id='word_1_178' title='bbox 417 2122 524 2174; x_wconf 87' lang='lat' dir='ltr'>foribus</span> <span class='ocrx_word' id='word_1_179' title='bbox 538 2121 600 2172; x_wconf 84' lang='lat' dir='ltr'>vela</span> <span class='ocrx_word' id='word_1_180' title='bbox 615 2138 644 2172; x_wconf 90' lang='lat' dir='ltr'>se</span> <span class='ocrx_word' id='word_1_181' title='bbox 660 2120 775 2173; x_wconf 87' lang='lat' dir='ltr'>abdidit.</span> <span class='ocrx_word' id='word_1_182' title='bbox 814 2120 919 2172; x_wconf 86' lang='lat' dir='ltr'>Laten-</span> 
     </span>
    </p>
   </div>
   <div class='ocr_carea' id='block_1_9' title="bbox 120 2195 1011 2264">
    <p class='ocr_par' dir='ltr' id='par_1_10' title="bbox 120 2195 1011 2264">
     <span class='ocr_line' id='line_1_27' title="bbox 120 2195 1011 2264; baseline -0.001 -18"><span class='ocrx_word' id='word_1_183' title='bbox 120 2203 174 2247; x_wconf 89' lang='lat' dir='ltr'>tem</span> <span class='ocrx_word' id='word_1_184' title='bbox 192 2196 346 2248; x_wconf 75' lang='lat' dir='ltr'>discimeus</span> <span class='ocrx_word' id='word_1_185' title='bbox 361 2197 432 2248; x_wconf 87' lang='lat' dir='ltr'>iorte</span> <span class='ocrx_word' id='word_1_186' title='bbox 448 2195 590 2264; x_wconf 87' lang='lat' dir='ltr'>gregarius</span> <span class='ocrx_word' id='word_1_187' title='bbox 605 2196 697 2260; x_wconf 90' lang='lat' dir='ltr'>miles,</span> <span class='ocrx_word' id='word_1_188' title='bbox 718 2196 919 2248; x_wconf 86' lang='lat' dir='ltr'>animadversis</span> <span class='ocrx_word' id='word_1_189' title='bbox 1010 2249 1011 2252; x_wconf 49' lang='lat'>,</span> 
     </span>
    </p>
   </div>
   <div class='ocr_carea' id='block_1_10' title="bbox 122 2270 919 2339">
    <p class='ocr_par' dir='ltr' id='par_1_11' title="bbox 122 2270 919 2339">
     <span class='ocr_line' id='line_1_28' title="bbox 122 2270 919 2339; baseline -0.001 -17"><span class='ocrx_word' id='word_1_190' title='bbox 122 2270 246 2339; x_wconf 88' lang='lat' dir='ltr'>pedibus,</span> <span class='ocrx_word' id='word_1_191' title='bbox 258 2287 272 2322; x_wconf 94' lang='lat' dir='ltr'>e</span> <span class='ocrx_word' id='word_1_192' title='bbox 282 2271 374 2324; x_wconf 90' lang='lat' dir='ltr'>studio</span> <span class='ocrx_word' id='word_1_193' title='bbox 386 2271 554 2334; x_wconf 88' lang='lat' dir='ltr'>sciscitandi,</span> <span class='ocrx_word' id='word_1_194' title='bbox 567 2272 691 2337; x_wconf 87' lang='lat' dir='ltr'>quisnam</span> <span class='ocrx_word' id='word_1_195' title='bbox 702 2277 781 2334; x_wconf 90' lang='lat' dir='ltr'>esset,</span> <span class='ocrx_word' id='word_1_196' title='bbox 794 2271 919 2338; x_wconf 90' lang='lat' dir='ltr'>agnovit,</span> 
     </span>
    </p>
   </div>
   <div class='ocr_carea' id='block_1_11' title="bbox 119 2345 1011 2564">
    <p class='ocr_par' dir='ltr' id='par_1_12' title="bbox 119 2343 1011 2564">
     <span class='ocr_line' id='line_1_29' title="bbox 122 2345 918 2414; baseline -0.002 -17"><span class='ocrx_word' id='word_1_197' title='bbox 122 2352 340 2412; x_wconf 84' lang='lat' dir='ltr'>extractumque,</span> <span class='ocrx_word' id='word_1_198' title='bbox 362 2352 390 2397; x_wconf 90' lang='lat' dir='ltr'>et</span> <span class='ocrx_word' id='word_1_199' title='bbox 404 2361 470 2413; x_wconf 89' lang='lat' dir='ltr'>prae</span> <span class='ocrx_word' id='word_1_200' title='bbox 485 2351 558 2397; x_wconf 87' lang='lat' dir='ltr'>melu</span> <span class='ocrx_word' id='word_1_201' title='bbox 574 2346 608 2396; x_wconf 89' lang='lat' dir='ltr'>ad</span> <span class='ocrx_word' id='word_1_202' title='bbox 622 2361 711 2414; x_wconf 89' lang='lat' dir='ltr'>genua</span> <span class='ocrx_word' id='word_1_203' title='bbox 726 2345 781 2397; x_wconf 90' lang='lat' dir='ltr'>sibi</span> <span class='ocrx_word' id='word_1_204' title='bbox 791 2345 918 2397; x_wconf 88' lang='lat' dir='ltr'>aeciden-</span> 
     </span>
     <span class='ocr_line' id='line_1_30' title="bbox 121 2419 1011 2490; baseline 0 -18"><span class='ocrx_word' id='word_1_205' title='bbox 121 2427 189 2485; x_wconf 88' lang='lat' dir='ltr'>tem,</span> <span class='ocrx_word' id='word_1_206' title='bbox 205 2422 399 2490; x_wconf 82' lang='lat' dir='ltr'>imperatorem</span> <span class='ocrx_word' id='word_1_207' title='bbox 409 2420 548 2472; x_wconf 86' lang='lat' dir='ltr'>salutavit.</span> <span class='ocrx_word' id='word_1_208' title='bbox 586 2420 660 2470; x_wconf 88' lang='lat' dir='ltr'>Hine</span> <span class='ocrx_word' id='word_1_209' title='bbox 675 2420 711 2471; x_wconf 85' lang='lat' dir='ltr'>ad</span> <span class='ocrx_word' id='word_1_210' title='bbox 721 2419 793 2472; x_wconf 87' lang='lat' dir='ltr'>alios</span> <span class='ocrx_word' id='word_1_211' title='bbox 804 2422 919 2472; x_wconf 89' lang='lat' dir='ltr'>commi-</span> <span class='ocrx_word' id='word_1_212' title='bbox 1010 2437 1011 2444; x_wconf 55' lang='lat'>¹</span> 
     </span>
     <span class='ocr_line' id='line_1_31' title="bbox 119 2492 1011 2564; baseline 0.001 -19"><span class='ocrx_word' id='word_1_213' title='bbox 119 2495 234 2560; x_wconf 89' lang='lat' dir='ltr'>litones,</span> <span class='ocrx_word' id='word_1_214' title='bbox 255 2495 417 2548; x_wconf 83' lang='lat' dir='ltr'>fluctuantes</span> <span class='ocrx_word' id='word_1_215' title='bbox 431 2511 481 2547; x_wconf 89' lang='lat' dir='ltr'>uec</span> <span class='ocrx_word' id='word_1_216' title='bbox 496 2496 641 2562; x_wconf 88' lang='lat' dir='ltr'>quicquam</span> <span class='ocrx_word' id='word_1_217' title='bbox 657 2492 746 2546; x_wconf 88' lang='lat' dir='ltr'>adhuc</span> <span class='ocrx_word' id='word_1_218' title='bbox 761 2511 844 2564; x_wconf 85' lang='lat' dir='ltr'>quam</span> <span class='ocrx_word' id='word_1_219' title='bbox 864 2494 919 2546; x_wconf 84' lang='lat' dir='ltr'>fre-</span> <span class='ocrx_word' id='word_1_220' title='bbox 1010 2505 1011 2512; x_wconf 76' lang='grc'>’</span> 
     </span>
    </p>
   </div>
   <div class='ocr_carea' id='block_1_12' title="bbox 120 2569 921 2790">
    <p class='ocr_par' dir='ltr' id='par_1_13' title="bbox 120 2569 921 2790">
     <span class='ocr_line' id='line_1_32' title="bbox 120 2569 921 2639; baseline 0.001 -20"><span class='ocrx_word' id='word_1_221' title='bbox 120 2576 232 2636; x_wconf 86' lang='lat' dir='ltr'>mentes,</span> <span class='ocrx_word' id='word_1_222' title='bbox 244 2572 381 2639; x_wconf 80' lang='lat' dir='ltr'>perduxit.</span> <span class='ocrx_word' id='word_1_223' title='bbox 404 2571 445 2622; x_wconf 79' lang='lat' dir='ltr'>Ab</span> <span class='ocrx_word' id='word_1_224' title='bbox 457 2569 499 2622; x_wconf 91' lang='lat' dir='ltr'>his</span> <span class='ocrx_word' id='word_1_225' title='bbox 510 2571 624 2623; x_wconf 87' lang='lat' dir='ltr'>lecticae</span> <span class='ocrx_word' id='word_1_226' title='bbox 635 2570 791 2637; x_wconf 88' lang='lat' dir='ltr'>impositus,</span> <span class='ocrx_word' id='word_1_227' title='bbox 803 2577 838 2634; x_wconf 90' lang='lat' dir='ltr'>et,</span> <span class='ocrx_word' id='word_1_228' title='bbox 851 2571 921 2636; x_wconf 87' lang='lat' dir='ltr'>quia</span> 
     </span>
     <span class='ocr_line' id='line_1_33' title="bbox 120 2641 920 2712; baseline 0.003 -18"><span class='ocrx_word' id='word_1_229' title='bbox 120 2645 165 2694; x_wconf 80' lang='lat' dir='ltr'>sui</span> <span class='ocrx_word' id='word_1_230' title='bbox 175 2641 355 2712; x_wconf 82' lang='lat' dir='ltr'>diffugerant,</span> <span class='ocrx_word' id='word_1_231' title='bbox 366 2646 489 2698; x_wconf 87' lang='lat' dir='ltr'>vicissim</span> <span class='ocrx_word' id='word_1_232' title='bbox 500 2644 716 2698; x_wconf 87' lang='lat' dir='ltr'>succollantibus</span> <span class='ocrx_word' id='word_1_233' title='bbox 726 2647 756 2697; x_wconf 93' lang='lat' dir='ltr'>in</span> <span class='ocrx_word' id='word_1_234' title='bbox 767 2650 861 2697; x_wconf 89' lang='lat' dir='ltr'>castra</span> <span class='ocrx_word' id='word_1_235' title='bbox 871 2644 920 2696; x_wconf 90' lang='lat' dir='ltr'>de-</span> 
     </span>
     <span class='ocr_line' id='line_1_34' title="bbox 120 2713 918 2790; baseline 0.009 -26"><span class='ocrx_word' id='word_1_236' title='bbox 120 2713 193 2768; x_wconf 87' lang='lat' dir='ltr'>latus</span> <span class='ocrx_word' id='word_1_237' title='bbox 204 2725 258 2786; x_wconf 88' lang='lat' dir='ltr'>est,</span> <span class='ocrx_word' id='word_1_238' title='bbox 273 2721 361 2773; x_wconf 89' lang='lat' dir='ltr'>tristis</span> <span class='ocrx_word' id='word_1_239' title='bbox 373 2738 405 2773; x_wconf 88' lang='lat' dir='ltr'>ac</span> <span class='ocrx_word' id='word_1_240' title='bbox 415 2721 552 2790; x_wconf 88' lang='lat' dir='ltr'>trepidus,</span> <span class='ocrx_word' id='word_1_241' title='bbox 574 2721 719 2772; x_wconf 86' lang='lat' dir='ltr'>miseraute</span> <span class='ocrx_word' id='word_1_242' title='bbox 731 2720 814 2775; x_wconf 83' lang='lat' dir='ltr'>obvia</span> <span class='ocrx_word' id='word_1_243' title='bbox 823 2715 918 2786; x_wconf 79' lang='lat' dir='ltr'>turba,</span> 
     </span>
    </p>
   </div>
   <div class='ocr_carea' id='block_1_13' title="bbox 0 0 1030 3034">
    <p class='ocr_par' dir='ltr' id='par_1_14' title="bbox 0 0 1030 3034">
     <span class='ocr_line' id='line_1_35' title="bbox 0 0 1030 3034; baseline 0 2"><span class='ocrx_word' id='word_1_244' title='bbox 0 0 1030 3034; x_wconf 95' lang='lat' dir='ltr'> </span> 
     </span>
    </p>
   </div>
  </div>
 </body>
</html>
