2050 3034
129 208 178 258 202
369 238 371 242 -
404 209 430 254 0.
458 205 653 256 SUETONH

129 331 279 386 Antonium
289 327 484 386 inhonoratum
491 347 525 382 ac
535 332 594 383 sine
604 336 685 399 grata
695 329 931 383 mentionetrans-

128 409 217 472 misit,
237 411 355 460 testatus
371 406 510 474 quondam
524 423 574 474 per
589 407 719 470 edictum,
742 415 817 458 tanto
828 405 930 474 impen-

128 483 182 534 sius
197 492 288 550 petere
307 499 347 546 se,
369 491 400 534 ut
417 483 532 534 natalem
547 482 636 550 putris
650 480 737 532 Drusi
755 481 927 544 celebrarent,

128 558 198 623 qnod
211 557 279 608 idem
294 565 361 609 esset
374 565 401 609 et
414 557 459 608 eoi
471 557 514 623 sui
521 555 640 608 Antonii.
680 557 795 608 Tiberio
807 571 927 609 marmo-

127 647 204 684 reum
215 645 308 684 arcuum
319 633 398 684 iuxta
407 631 535 700 Pompeii
544 631 693 697 theatrum,
715 633 855 684 decretum
867 633 928 702 qui·

130 709 189 759 iem
202 707 267 759 oiim
280 723 296 757 a
307 713 416 773 senatu,
437 721 531 759 verum
544 709 686 771 omissum,
708 709 824 776 peregit.
865 705 929 758 caii
1010 747 1011 766 ,

129 798 239 850 quoque
250 783 302 832 etsi
313 789 376 834 acta
391 783 484 833 omnia
498 784 624 848 rescidit,
646 783 717 834 diem
732 788 826 834 tamen
840 781 927 846 necis,
1010 839 1011 846 ἶ

129 857 253 930 quamvis
264 858 408 909 exordium
419 857 590 927 principatus
601 859 653 925 sui,
660 857 747 910 vetuit
756 859 829 910 inter
839 857 928 910 festos
1010 853 1011 858 ’

127 931 233 983 referri.
294 951 300 958 ·

183 1005 245 1058 Xll.
265 1006 303 1057 Et
320 1008 349 1059 in
365 1012 450 1060 semet
465 1009 589 1077 augendo
604 1024 704 1077 parcus
724 1013 806 1076 atque
828 1007 929 1072 civilis,

129 1083 306 1152 praenomine
326 1081 498 1151 Imperatoris
519 1085 664 1150 abstinuit,
685 1084 786 1136 nimios
807 1081 930 1135 honores

129 1157 279 1222 recusavit,
299 1159 443 1226 sponsalia
453 1159 527 1210 filiae
537 1159 711 1227 natalemque
721 1159 808 1227 geniti
818 1159 933 1226 nepotis

129 1233 253 1298 silentio,
275 1247 308 1284 ac
321 1239 428 1286 tantum
445 1233 596 1286 domestica
615 1235 763 1302 religione,
784 1234 930 1302 transegit.

130 1309 272 1361 Neminem
283 1309 415 1375 exsrdum,
427 1309 525 1360 nisiex
536 1317 646 1362 senatus
659 1310 839 1376 auctoritate,
850 1309 931 1362 resti-

130 1385 197 1435 tuit:
208 1390 239 1434 ut
249 1383 304 1435 sibi
313 1384 342 1434 in
354 1386 457 1436 curiam
468 1383 636 1454 praesectum
647 1386 781 1454 praetorii
789 1385 932 1438 tribunos·

132 1473 185 1526 que
200 1459 318 1510 miiitum
333 1475 423 1512 secum
440 1461 569 1512 inducere
584 1459 690 1524 liceret,
711 1467 795 1529 utque
809 1467 874 1511 rata
890 1477 932 1512 es-

132 1538 205 1599 seut,
228 1549 298 1602 quae
308 1541 504 1602 procuratores
515 1537 559 1586 sui
568 1537 597 1586 in
606 1535 756 1588 iudicando
768 1541 931 1599 statuerent,

132 1610 258 1678 precario
275 1610 374 1676 exegit.
413 1609 458 1660 ius
478 1611 662 1661 nundinarum
682 1611 710 1660 in
724 1611 835 1679 privata
851 1625 931 1679 prae-

133 1684 180 1734 dia
192 1681 373 1734 aconsulibus
383 1685 476 1752 petiit:
493 1685 698 1753 cognitionibus
709 1686 933 1754 magistratuum,

132 1763 164 1808 ut
172 1774 242 1809 unus
253 1775 268 1810 e
279 1757 455 1824 consiliariis,
467 1757 623 1828 frequenter
632 1759 765 1812 interfuit.
800 1759 932 1826 Eosdem,

132 1833 292 1901 spectacula
302 1833 422 1899 edentes,
433 1851 547 1903 surgens
558 1837 653 1904 etipse
665 1851 724 1887 cum
737 1841 829 1887 cetera
839 1835 933 1900 turba,

131 1923 200 1962 voce
211 1926 245 1961 ac
255 1923 339 1962 manu
347 1915 492 1962 veneratus
503 1917 552 1963 est.
587 1907 718 1964 Tribunis
728 1910 817 1981 plebis
830 1912 933 1964 adeun-

132 1985 206 2036 tibus
217 2002 246 2037 se
256 2001 307 2055 pro
318 1986 453 2054 tribunali
460 1981 617 2050 'excusaris
639 1985 712 2052 quod
723 1993 837 2054 propter
848 2001 930 2054 angu-

133 2061 202 2111 stias
222 2076 278 2113 nou
298 2067 393 2128 posset
414 2061 509 2112 audire
529 2077 588 2125 eos,
610 2061 665 2111 nisi
685 2067 798 2112 stantes.
840 2061 934 2124 stare

132 2135 161 2184 iu
171 2135 250 2187 brevi
259 2137 351 2203 spatio
362 2142 468 2187 tantum
480 2136 583 2186 ancoris
594 2133 752 2205 favorisque
764 2135 887 2204 collegit,
893 2141 934 2200 ut,

134 2223 216 2275 quum
226 2209 380 2278 profectum
392 2227 452 2262 eum
459 2211 565 2260 Ostiam
575 2211 690 2276 periisse
700 2227 733 2262 ex
743 2211 855 2263 insidiis
865 2227 935 2262 nun-

114 2283 236 2334 'ciatum
247 2291 331 2348 esset,
347 2300 448 2354 magna
459 2285 681 2337 consternatione
690 2287 823 2356 populus,
846 2293 873 2338 et
884 2287 936 2337 mi-

132 2359 222 2425 litem,
238 2359 320 2428 quasi
328 2359 512 2427 proditorem,
529 2366 557 2412 ot
566 2366 703 2426 senatum,
726 2363 806 2428 quasi
816 2360 936 2429 parrici-

133 2431 210 2499 dam,
231 2434 300 2486 diris
311 2435 547 2488 exsecrationibus
557 2437 693 2487 incessere
707 2451 763 2488 non
775 2442 838 2490 ante
849 2437 936 2489 desti·
1010 2433 1011 2444 ¹

131 2509 210 2573 terit,
227 2525 309 2579 quam
319 2525 390 2561 unus
402 2516 484 2579 atque
495 2509 576 2577 alter,
588 2515 616 2562 et
625 2525 690 2561 mou
701 2510 806 2579 plures,
818 2527 836 2564 a
845 2512 937 2580 magi-

133 2585 266 2636 stratibus
276 2585 305 2636 in
315 2592 409 2638 rostra
418 2585 560 2656 producti,
572 2583 678 2638 salvum
689 2592 717 2638 et
727 2588 937 2658 appropinqua·

132 2670 162 2708 re
174 2659 375 2714 confirmarent.

189 2730 264 2784 Xlll.
284 2733 342 2789 Nec
352 2743 444 2792 tamen
455 2753 551 2808 expers
562 2737 727 2791 insidiarum
736 2754 939 2812 usquequaque
