2036 3022
148 220 201 276 an
429 224 455 272 c.
481 189 665 272 su'nronu
726 253 729 260 -

152 351 273 403 oblatam
287 363 303 400 a
313 349 568 402 Tarraconensibus
579 366 593 401 e
603 355 695 404 vetere
704 347 808 416 templo
820 347 896 400 lovis
907 365 952 402 eo·

151 441 248 478 ronam
269 441 380 477 auream
402 424 536 478 librarum
557 424 714 494 quindecim
735 423 899 490 conflasset,
919 441 953 476 ae

150 508 206 554 tres
220 501 329 566 uncias,
351 516 421 568 quae
436 501 554 568 ponderi
573 501 698 565 deerant,
718 501 849 551 iussisset
869 501 949 566 exigi.

149 577 192 627 Ea
201 576 277 629 fama
287 582 314 628 et
325 575 488 627 confirmata
498 582 526 628 et
536 583 617 627 aucta
628 583 677 640 est,
683 581 715 626 ut
724 576 843 643 primum
850 576 949 626 Urbem

149 652 266 704 introiit.
306 649 377 702 Nam
392 666 475 716 quum
491 651 664 715 classiarios,
687 665 757 716 quos
768 650 845 702 Nero
860 665 896 702 ex
909 665 948 702 re-

148 726 268 792 migibus
288 726 378 776 iustos
393 725 495 777 milites
509 726 625 790 fecerat,
646 725 736 776 redire
752 725 789 776 ad
803 725 949 792 pristinum

150 807 252 852 statum
268 800 402 866 coegerim
422 808 581 852 recusantes
596 807 679 870 atque
692 800 806 866 insuper
827 800 950 867 aquilam

150 881 177 926 et
191 876 272 942 signa
285 875 455 942 pertinacius
468 876 626 942 flagitantes
644 891 700 926 non
719 874 803 926 modo
824 875 950 928 immisso

149 951 241 1018 equite
258 951 379 1014 disiecit,
400 951 449 1001 sed
464 950 612 1002 decimavit
626 951 717 1001 etiam.
756 949 825 1001 Item
838 948 952 1001 Germa·

148 1042 247 1078 norum
268 1024 422 1089 cohortem,
444 1041 461 1076 a
476 1026 641 1076 Caesaribus
657 1025 722 1075 olim
739 1025 775 1074 ad
795 1025 951 1076 custodiam

150 1100 276 1168 corporis
286 1101 442 1151 institutam
457 1099 605 1166 multisque
616 1101 811 1166 experimentis
823 1100 951 1151 fidelissi-

150 1192 236 1240 mam,
252 1175 392 1238 dissolvit,
405 1190 437 1225 ac
448 1176 507 1227 siue
518 1175 735 1226 ulloeommodo
745 1175 854 1226 remisit
864 1176 895 1226 in
905 1189 951 1243 pa-

150 1251 246 1315 triam,
263 1252 345 1318 quasi
355 1250 403 1300 Cn.
415 1249 593 1314 Dolabellae,
604 1251 684 1301 iuxta
696 1251 774 1300 cuius
784 1247 885 1301 hortos
895 1258 951 1302 ten-

151 1326 241 1388 debat,
253 1326 421 1392 proniorem.
460 1324 513 1375 llla
524 1340 642 1394 quoque,
653 1341 750 1376 verene
762 1340 797 1376 an
807 1324 893 1390 falso,
904 1341 952 1392 per

150 1399 300 1458 ludibrium
310 1400 495 1464 iactabantur,
507 1401 637 1468 apposita
647 1400 767 1452 lautiore
779 1416 868 1451 coena
877 1401 952 1467 inge-

149 1475 251 1526 mrdsse
262 1491 337 1526 eum:
359 1480 386 1526 et
397 1475 539 1527 ordinario
552 1475 663 1544 quidem
675 1475 876 1542 dispensatori,
893 1477 951 1527 bre·
1006 1469 1007 1522 l

149 1550 270 1601 viariam
289 1550 428 1602 rationum
449 1549 591 1615 offerenti,
612 1551 789 1618 parapsidem
804 1551 953 1618 leguminis

150 1639 201 1690 pro
213 1625 358 1676 sedulitate
376 1640 409 1674 ae
424 1625 569 1692 diligentia
580 1627 749 1692 porrexisse3
771 1626 849 1676 Cano
861 1633 953 1677 autem
1006 1625 1007 1696 l

152 1697 310 1762 choraulae,
321 1699 390 1750 mire
399 1699 535 1767 placenti,
550 1700 680 1751 denarios
691 1701 812 1768 quinque
823 1701 954 1764 donasse,
1006 1699 1007 1754 l

151 1773 278 1840 prolatos
288 1788 372 1824 manu
382 1790 433 1824 sua
445 1792 459 1826 e
470 1776 658 1844 peculiaribus
668 1775 769 1826 loculis
780 1777 850 1826 suis.
1006 1757 1007 1788 ³

206 1848 281 1900 Xlll.
304 1850 395 1910 Quare
416 1850 549 1901 adventus
570 1851 629 1900 eius
648 1867 704 1901 non
724 1851 838 1918 perinde
858 1857 956 1918 gratus

151 1923 218 1975 fuit:
238 1923 322 1993 idque
336 1926 463 1991 proximo
479 1925 637 1993 spectaculo
653 1926 796 1993 apparuit3
817 1927 956 1995 siquidem
1006 1979 1007 2004 Χ

153 1999 287 2050 Atellanis
297 2001 473 2052 notissimum
484 1993 621 2051 canticum
632 2002 748 2065 exorsis,

360 2073 447 2140 Venit,
458 2075 493 2139 io,
506 2075 593 2126 Simos
604 2092 620 2126 n
631 2075 691 2127 villa
697 2093 710 2137 ‚·

155 2150 246 2199 carneti
257 2149 338 2201 simul
353 2157 524 2216 spectatores
540 2152 727 2202 consentiente
737 2167 806 2202 voce
817 2153 958 2218 reliquam

152 2230 259 2290 partem
269 2224 431 2288 retulerunt,
443 2241 477 2275 ac
487 2227 598 2293 saepius
608 2241 689 2277 versu
699 2228 817 2293 repetito
830 2235 961 2294 egerunt.

209 2297 284 2350 XIV.
304 2299 414 2350 Maiore
430 2299 500 2351 adeo
517 2308 544 2350 et
558 2299 654 2352 favore
669 2307 697 2352 et
711 2303 881 2353 auctoritate
893 2301 962 2352 ade·

153 2380 217 2442 ptus
229 2379 282 2438 est,
304 2389 385 2439 quam
396 2375 494 2440 gessit,
514 2375 673 2442 imperium3
695 2392 851 2444 quanquam
868 2376 964 2428 multa

155 2448 320 2500 documenta
334 2450 439 2516 egregii
452 2450 586 2518 principis
606 2451 696 2502 daret:
717 2452 765 2503 sed
779 2465 962 2520 nequaquam

153 2527 211 2573 tam
231 2530 312 2590 grata
332 2533 423 2588 erant,
446 2540 527 2590 quam
542 2524 644 2592 invisa,
667 2541 737 2594 quae
752 2543 832 2578 secus
848 2527 961 2578 fierent.

153 2595 312 2663 Regebatur
330 2600 413 2649 trium
434 2599 564 2663 arbitrio,
586 2616 656 2666 quos
674 2617 729 2652 una
744 2607 772 2652 et
784 2603 860 2652 intra
875 2601 961 2652 Pala·

153 2670 223 2720 tium
234 2669 404 2739 habitantes,
421 2690 471 2725 nee
480 2689 601 2742 unquam
613 2691 668 2726 non
680 2675 877 2742 adhaerentes,
894 2693 961 2745 pae-

156 2742 281 2813 dagogos
291 2747 374 2814 vulgo
385 2751 532 2802 vocabant.
572 2749 611 2802 lli,
621 2757 700 2804 erant
710 2753 743 2804 T.
755 2751 869 2821 Vibius,
883 2753 959 2824 lega·
