2036 3022
343 221 451 267 NERO.
489 223 567 268 car.
586 225 700 270 oo-os,
873 223 923 274 aot

122 352 155 399 et
174 343 294 410 foetido,
320 345 434 398 suffiavo
456 346 571 414 capillo,
597 346 676 398 vultu
697 345 813 414 pulchro
833 351 923 418 magis

124 437 209 490 quam
219 426 348 487 venusto,
360 422 448 474 oculis
458 422 558 474 caesiis
568 428 596 474 et
605 419 805 488 hebetioribus,
819 426 923 476 cervice

126 498 226 561 obesa,
236 501 330 548 ventre
340 497 479 565 proiecto,
494 497 656 565 gracillimis
667 498 804 562 curribus,
819 498 923 550 valetu-

125 573 192 625 dine
203 586 346 641 prospera.
385 571 469 638 Nam,
490 573 538 642 qui
557 571 683 624 luxuriae
698 573 924 625 immoderatissi·

93 715 97 722 Ι
125 663 189 700 mae
198 652 282 711 esset,
302 653 344 699 ter
355 649 466 699 omnino
481 663 531 716 per
545 648 754 716 quatuordecim
768 665 855 701 annos
865 649 923 700 lan-

125 723 197 790 guit,
208 728 290 790 atque
299 723 350 786 ita,
360 728 392 773 ut
401 738 489 789 neque
499 724 564 774 vino
575 740 663 793 neque
674 724 871 778 consuetudine
881 741 922 776 re-

124 798 205 865 liqua
225 797 383 849 abstineret.
424 797 505 848 Circa
528 797 631 850 cultum
653 797 832 870 habitumque
852 800 922 852 adeo

124 871 278 940 pudendus,
283 879 316 924 ut
325 886 432 924 comam
443 887 550 940 semper
558 873 588 924 ln
598 872 701 940 gradus
710 874 867 941 formatam,
876 891 922 944 pe-

124 944 922 1015 regrinationedchaicaetiamponeverticemsummiserit3

124 1039 159 1074 ac
179 1022 340 1092 plerumque
360 1020 548 1090 synthesinam
567 1021 693 1087 indutus,
714 1021 801 1092 ligato
821 1025 922 1076 aucum

124 1097 228 1149 collum
239 1097 362 1163 sudario,
373 1097 510 1165 prodierit
518 1095 548 1148 in
558 1095 711 1166 publicum,
726 1097 785 1150 sine
797 1097 888 1152 cinctu
897 1105 922 1151 ct

122 1173 314 1225 discalciatam.

181 1246 242 1298 Lll.
262 1247 406 1300 Liberales
420 1247 582 1317 disciplinas
598 1263 691 1300 omues
706 1247 764 1300 fere
778 1264 847 1317 puer
861 1251 923 1300 atti-

122 1325 175 1392 git.
214 1322 269 1375 Sed
280 1321 486 1392 aphilosophia
497 1339 559 1376 eum
569 1328 657 1376 mater
673 1325 784 1389 avertit,
800 1339 922 1388 mouens,

121 1401 295 1468 imperaturo
312 1399 478 1451 contrariam
494 1413 566 1462 esse3
591 1414 609 1449 a
627 1399 784 1466 cognitione
802 1406 924 1452 veterum

124 1479 269 1527 oratorum
281 1473 385 1526 Seneca
394 1479 570 1542 praeceptor,
585 1489 640 1543 quo
652 1473 756 1525 diutius
766 1475 795 1526 in
806 1474 924 1526 admira-

121 1551 202 1602 tione
213 1549 257 1599 sui
267 1549 410 1601 detineret.
439 1549 536 1618 ltaque
547 1550 583 1600 ad
593 1549 730 1617 poeticam
741 1565 854 1618 pronus,
866 1566 924 1602 car-

122 1625 202 1677 mina
212 1623 329 1676 libenter
340 1639 373 1676 ac
383 1625 441 1676 sine
452 1625 549 1676 labore
560 1625 729 1690 composuit:
749 1641 812 1690 nec,
822 1631 855 1676 ut
865 1625 924 1696 qui-

123 1701 190 1752 dam
201 1704 311 1767 putant,
333 1700 425 1751 aliena
439 1716 490 1766 pro
506 1701 565 1751 suis
576 1699 671 1752 edidit.
710 1699 817 1753 Venere
827 1702 857 1752 in
867 1717 923 1752 ma-

121 1791 177 1828 nus
188 1789 264 1826 meas
273 1775 425 1842 pugillares
435 1774 577 1842 libellique
589 1789 651 1825 cum
662 1775 827 1844 quibusdam
837 1778 923 1829 notis-

123 1850 203 1902 simis
213 1849 350 1914 versibus,
367 1849 455 1917 ipsius
467 1847 650 1917 chirographo
662 1850 785 1916 scriptis,
800 1856 833 1901 ut
841 1849 924 1902 facilc

125 1931 286 1994 appareret,
306 1940 362 1976 non
375 1922 527 1975 translatos
543 1929 592 1975 aut
604 1921 725 1975 dictante
741 1923 835 1993 aliquo
847 1939 923 1976 exce-

123 2008 202 2070 ptos,
224 1998 273 2050 sed
287 1999 368 2067 plane
383 1999 464 2067 quasi
481 2015 498 2049 a
518 1998 657 2066 cogitante
676 2003 759 2066 atque
777 2006 923 2065 generante

124 2079 271 2137 exaratos3
289 2075 331 2125 ita
341 2075 429 2125 multa
440 2079 468 2125 et
477 2073 568 2124 deleta
578 2077 605 2125 ct
614 2072 728 2124 inducta
738 2079 765 2125 et
774 2073 923 2142 superscri-

122 2157 174 2219 pta
183 2151 301 2201 inerant.

182 2223 255 2275 Llll.
276 2224 385 2276 Habuit
398 2229 426 2274 et
441 2223 586 2292 pingendi,
607 2224 780 2293 fingendique
795 2225 923 2290 maxime,

124 2315 182 2354 non
191 2299 332 2352 mediocre
341 2297 472 2350 studium.
501 2299 626 2351 Maxima
637 2306 727 2352 autem
738 2301 924 2368 popularitate

125 2374 301 2440 efferebatur,
314 2375 435 2427 omnium
447 2374 579 2438 aemulus,
590 2375 638 2444 qui
648 2390 759 2444 quoquo
770 2373 854 2427 modo
867 2376 925 2427 aui·

125 2465 201 2502 mum
220 2450 298 2518 vulgi
311 2453 460 2501 moverent.
499 2449 576 2500 Exiit
595 2451 703 2519 opinio,
724 2457 788 2518 post
801 2451 924 2501 scenicas

125 2539 246 2578 coronas
259 2526 387 2593 proximo
403 2524 490 2575 lustro
507 2523 699 2576 descensurum
710 2541 771 2577 eum
783 2525 818 2576 ad
829 2524 923 2596 Olym-

124 2601 257 2668 pialnter
267 2599 394 2653 athletas.
433 2597 504 2650 Nam
520 2605 548 2650 et
561 2599 719 2651 luctabatur
730 2599 853 2652 assidue:
873 2613 924 2654 uec

124 2676 208 2728 aliter
222 2676 372 2727 certamina
385 2674 516 2743 gymnica
531 2671 650 2725 Graecia
667 2679 729 2726 tota
743 2681 922 2742 spectaverat,

127 2765 211 2822 quam
220 2750 417 2804 brabeutarum
427 2765 503 2802 more
513 2747 543 2800 in
552 2748 644 2802 stadio
655 2747 732 2803 humi
742 2749 875 2818 assidens,
882 2767 922 2818 ac,
