2050 3034
111 223 165 276 '182
396 224 422 271 G.
450 219 631 271 SllE'l'ONll

108 365 169 404 non
180 353 305 419 possent,
326 362 411 402 causa
421 347 557 402 caderent.
598 348 650 398 Cui
662 349 846 402 instrumento
858 347 916 402 dis·

114 424 249 478 trahendo
260 424 331 478 nihil
341 440 396 476 non
407 424 513 475 fraudis
525 439 558 476 ac
568 423 700 476 lenocinii
710 423 848 488 adhibuit,
854 440 914 478 mo-

116 503 152 553 do
164 502 299 552 avaritiae
310 499 435 567 singulos
444 500 598 567 irrerepans,
610 505 649 563 et,
661 499 732 564 quod
739 515 793 550 nou
798 500 915 566 puderet

115 593 156 628 eos
171 575 350 642 locupletiores
368 589 434 636 csse,
456 590 534 640 quom
549 590 592 635 σος
611 574 694 624 modo
709 574 912 640 poeniteutiam

114 652 260 714 simulans,
282 650 355 716 qnod
366 649 560 716 principalium
570 663 659 700 rernm
670 649 788 716 privatis
799 650 910 716 copiam

112 727 225 778 iaceret.
265 724 453 790 Compererat,
475 723 671 790 provincialem
682 723 849 791 locupletem
859 725 910 776 du-

113 807 193 852 centa
203 801 330 850 sestcrtia
340 814 497 850 numerasse
507 799 697 862 vocatoribus,
717 804 750 850 ut
763 815 813 866 per
826 798 910 850 falla-

113 877 183 926 ciam
204 875 330 926 convivio
350 875 582 940 interponeretur,
602 889 653 924 nec
665 873 768 926 tulerat
781 874 909 938 moleste,

111 956 167 1000 tam
182 965 281 1016 magno
299 949 440 1000 aestimari
454 947 585 1000 honorem
601 963 703 1000 coenae
717 961 793 1000 sarae.
831 949 910 1002 Huic

111 1031 222 1092 postero
228 1025 279 1089 ,dic
289 1024 395 1076 sedenti
404 1025 434 1074 in
444 1025 572 1076 auctione
582 1024 665 1087 misit,
675 1024 724 1091 qui
732 1022 827 1075 nescio
839 1025 908 1091 qnid

110 1100 206 1152 frivoli
215 1100 340 1151 ducentis
350 1097 472 1152 millibus
481 1099 616 1162 traderet,
630 1099 799 1166 diceretque,
811 1115 906 1150 coena·

111 1183 199 1227 turum
210 1175 281 1242 opud
291 1173 428 1225 Caesarem
438 1182 532 1226 vocatu
542 1172 631 1240 apcius.

98 1283 116 1300 .
166 1249 226 1300 XL.
246 1247 402 1316 Vectigalia
412 1263 484 1300 nova
495 1253 576 1314 atque
586 1248 721 1312 inaudita,
727 1249 844 1315 primum
856 1263 908 1316 per

111 1324 287 1391 publicanos,
309 1324 419 1386 deinde,
445 1323 511 1390 quia
529 1323 636 1374 lucrum
654 1323 835 1387 exuberabat,
855 1339 908 1391 per

70 1445 75 1456 ,
112 1400 285 1451 centuriones
295 1399 475 1465 tribunosque
486 1398 679 1464 praetorianos
689 1399 824 1460 exercuit3
844 1400 906 1450 nul·

110 1474 139 1526 lo
150 1489 239 1525 rerum
252 1478 299 1524 ant
308 1471 448 1525 bominum
458 1487 556 1540 genere
567 1473 679 1537 omisso,
688 1473 732 1524 cui
742 1488 797 1526 non
806 1473 908 1526 tributi

111 1549 216 1615 aliquid
227 1549 388 1615 imponeret.
426 1547 481 1598 Pro
492 1548 605 1611 eduliis,
626 1563 696 1614 quae
706 1553 768 1600 tota
776 1548 851 1602 Urbe
860 1563 907 1600 ve-

110 1624 212 1686 nirent,
234 1628 337 1674 certum
352 1627 539 1689 statutumque
552 1623 726 1690 exigebann:
746 1631 797 1689 pro
807 1623 907 1676 litibus

111 1713 143 1749 ac
152 1698 272 1761 indiciis,
283 1697 439 1765 ubicunque
450 1698 597 1764 conceptis,
610 1699 821 1766 quadragesima
830 1715 905 1750 srnu·

109 1787 179 1834 mac‚
191 1771 225 1822 de
235 1787 289 1838 qua
300 1771 471 1839 litigaretnr3
483 1789 533 1824 nec
543 1774 601 1826 sine
611 1788 709 1839 poena,
721 1774 747 1825 si
757 1774 818 1840 quis
829 1789 902 1826 cona

110 1847 235 1914 posuisse
246 1846 290 1898 rel
300 1846 418 1899 donasse
428 1849 567 1914 negotium
579 1849 798 1902 convinceretur:
811 1863 846 1899 ex
858 1864 903 1916 go-

109 1922 231 1974 rulorum
243 1922 349 1974 diurnis
360 1924 520 1990 quaestibus
530 1938 594 1989 pars
605 1929 716 1987 octava,
737 1939 770 1976 cx
780 1917 910 1991 eapmns‘

109 1999 332 2066 prostitutarum,
348 2004 479 2066 quantum
489 2014 613 2065 quaeque
622 2015 677 2050 nuo
690 1999 839 2050 concubitu
848 2014 905 2051 me-

108 2079 189 2126 reret.
227 2073 410 2141 Additamque
421 2073 457 2125 ad
468 2079 550 2141 capnt
559 2073 637 2140 legis,
647 2079 844 2126 attererentur
853 2090 905 2141 pu-

109 2148 195 2212 blico,
216 2155 244 2198 et
254 2164 323 2216 quae
334 2149 529 2210 meretricium,
550 2153 577 2200 et
587 2150 636 2216 qni
644 2149 812 2201 lenocinium
821 2148 906 2202 fecis·

109 2228 182 2283 sent3
202 2238 318 2274 necnon
329 2229 357 2274 et
365 2223 542 2275 matrimonia
554 2224 676 2275 obnoxia
686 2229 785 2276 essent.

164 2295 238 2348 xm.
258 2296 405 2348 Eiusmodi
413 2296 595 2364 vectigalibus
605 2299 730 2363 indictis,
741 2313 829 2366 nequo
838 2315 905 2367 pro-

109 2373 216 2440 positis,
224 2387 305 2440 quum
316 2388 366 2440 per
375 2373 560 2440 ignorantiam
571 2374 722 2441 scriptruae
733 2374 822 2426 multa
830 2390 905 2426 com-

109 2450 193 2500 missa
208 2448 315 2512 fierent,
339 2449 448 2500 tandem
467 2448 610 2515 flagitante
629 2449 734 2516 populo
755 2451 906 2518 proposuit

108 2523 216 2589 quidem
227 2523 327 2591 legem,
348 2523 397 2575 sed
407 2529 435 2576 et
448 2524 639 2578 minutissimis
653 2525 754 2589 literis,
775 2530 803 2576 et
817 2539 904 2592 angu-

106 2599 228 2650 stissimo
244 2599 322 2662 loco,
342 2601 385 2650 uti
398 2615 431 2650 ne
448 2600 493 2650 eui
508 2599 661 2652 describere
675 2599 780 2652 liceret.
818 2601 858 2650 Ac
868 2615 905 2654 no

109 2672 181 2735 quod
191 2689 247 2724 non
257 2677 446 2728 mamrbianrm
457 2690 541 2742 genus
552 2675 734 2742 experiretur,
745 2673 863 2741 lupanar
873 2675 905 2728 in

107 2741 216 2798 Palatio
229 2749 382 2804 constituit:
394 2750 583 2818 distinctisque
594 2757 621 2801 et
631 2751 772 2804 instructis
783 2766 832 2818 pro
844 2749 904 2806 loci
