2044 3028
199 229 244 274 bn
262 226 473 300 innuamus
491 227 728 276 euummurlcrs.
812 224 860 279 345
950 291 955 298 1

65 357 133 408 sima
147 353 356 422 grammaticam
371 352 474 404 docuit.
513 351 635 404 Dimissa
652 360 741 404 autem
756 351 860 418 schola,

64 431 198 482 Rutilium
209 428 309 480 Rufum
320 429 478 478 damnatum
488 429 517 478 iu
527 428 619 478 Asiam
630 435 747 491 secunus,
758 429 861 481 ibidem

66 506 200 572 Smyrnae
221 504 363 571 ¹simulque
391 504 551 564 consenuit3
581 504 790 570 composuitque
814 520 860 554 va-

65 582 124 631 riae
148 580 312 631 eruditionis
335 578 443 644 aliquot
462 578 620 640 volumina3
650 593 684 630 ex
699 579 798 645 quibus
812 595 861 630 uo-

65 661 125 706 ve'm
139 655 221 706 unius
232 655 365 722 corporis.
406 653 472 717 uui,
484 655 550 720 quia
560 655 709 721 scriptores
720 669 753 705 ac
763 660 860 721 poetas

66 731 116 781 sub
128 729 256 782 clientela
269 729 411 780 Musarum
426 729 574 792 iudicaret,
585 744 641 781 uon
652 729 770 780 absrude
781 736 808 782 et
821 729 859 780 fe-

67 807 136 856 cisse
146 812 175 856 et
184 805 326 870 scripsisse
337 819 366 855 se
377 803 417 854 eit
427 819 459 854 ex
470 819 583 855 numero
595 805 718 856 divarum
728 811 757 856 et
768 805 859 873 appel·

65 880 179 931 latione.
219 879 310 930 Huius
324 891 475 946 cognomen
490 881 519 929 in
534 879 671 947 plerisque
685 880 822 932 indicibus
833 887 860 932 et

65 955 154 1006 titulis
166 970 306 1021 perimam
316 954 436 1006 litteram
447 956 577 1019 scriptum
589 954 794 1017 animadverto;
814 971 858 1006 ve-

65 1046 123 1081 nim
137 1031 199 1097 ipse
213 1047 262 1097 per
276 1029 345 1080 duas
362 1028 441 1081 effert
454 1031 483 1079 in
499 1027 683 1096 parastiebide
699 1030 799 1094 libelli,
810 1031 858 1098 qui

64 1106 224 1156 inscribitur
235 1104 331 1156 Pinax.

117 1179 179 1230 Vll.
199 1179 239 1230 Μ.
254 1181 403 1230 duremus
419 1178 548 1242 Guntia,
563 1180 697 1246 iugenims
717 1181 747 1230 lu
763 1179 857 1231 Gallia

62 1262 158 1318 uatus,
173 1255 222 1306 sed
237 1256 396 1321 expositus;
417 1270 434 1304 a
448 1256 583 1305 norb-itere
598 1270 649 1306 suo
664 1257 856 1319 manumissus,

63 1332 261 1397 institutusque
270 1329 453 1382 Alexandriae
463 1329 586 1395 quidem,
597 1336 628 1380 ut
638 1330 726 1396 aliqui
735 1331 856 1394 tradunt,

61 1407 90 1456 in
115 1406 296 1456 coutubernio
321 1404 452 1470 Dionysii
477 1403 740 1471 Scytobraebionis,
771 1406 858 1474 (quod

62 1481 189 1546 equidem
200 1496 256 1531 non
265 1487 365 1532 temere
376 1479 547 1544 crediderim,
559 1489 641 1546 quum
652 1486 805 1546 temporum
815 1497 859 1531 ra-

61 1557 101 1608 tio
113 1557 160 1607 vix
171 1561 336 1622 eongmat‚)
356 1554 441 1606 finisse
453 1555 554 1606 dicitur
567 1555 673 1621 ingemi
687 1557 792 1623 magui,
804 1573 858 1606 me-

61 1632 168 1683 moriae
184 1630 345 1698 singularis,
361 1646 411 1680 nec
424 1632 514 1680 miuus
531 1629 649 1694 Graece,
666 1646 748 1698 quam
758 1631 858 1682 Latine

61 1708 180 1767 doctus3
200 1712 341 1772 praeterea
361 1705 434 1755 comi
452 1703 583 1771 facilique
603 1713 710 1771 namna,
731 1723 781 1758 uec
799 1723 859 1758 um·

61 1797 144 1848 quam
156 1781 190 1833 de
200 1780 370 1832 mercedibus
380 1785 490 1845 pactus,
502 1795 590 1847 eoque
601 1781 681 1844 plura
691 1797 724 1832 ex
735 1782 857 1834 liberali-

58 1864 117 1909 tate
128 1856 291 1908 disceutium
302 1860 473 1906 consecutus.
512 1853 615 1905 Docuit
625 1857 742 1921 primum
752 1857 781 1908 iu
792 1856 857 1906 Divi

60 1933 125 1982 lulii
136 1932 230 1994 dorus,
242 1933 320 1999 pueri
331 1929 433 1988 adbuc;
445 1929 543 1981 deiude
553 1930 581 1979 in
593 1944 643 1980 sua
654 1931 770 1995 privata.
799 1930 856 1982 Do-

60 2009 119 2058 cuit
133 2013 223 2057 autem
240 2013 267 2057 et
281 2005 459 2068 rhetoricam,
475 2005 515 2054 ita
530 2011 560 2055 ut
574 2005 698 2071 quotidie
708 2012 856 2073 praecepta

60 2083 237 2150 eloquentiae
250 2081 383 2144 traderet,
401 2079 568 2140 declamaret
578 2095 641 2130 vero
653 2095 709 2132 uon
723 2080 780 2131 uisi
788 2096 856 2132 unu-

60 2159 144 2209 dinis.
184 2155 311 2207 Scholam
334 2157 392 2207 eius
413 2156 503 2207 claros
518 2169 627 2221 quoque
640 2156 716 2206 viros
731 2155 856 2223 frequen·

59 2242 134 2285 tasse
147 2232 243 2292 aiont3
263 2232 291 2281 in
303 2229 395 2282 bisul.
407 2231 579 2294 Ciceronem,
591 2231 673 2282 etiam
685 2247 767 2298 quum
777 2247 855 2299 prae-

58 2317 123 2360 tura
143 2307 311 2373 fungeretur.
356 2306 473 2374 Scripsit
491 2306 589 2370 multa,
610 2307 735 2373 quamvis
756 2323 856 2359 aunum

59 2384 163 2436 aetatis
173 2383 427 2448 quinquagesimum
438 2397 493 2432 non
503 2382 651 2433 excesserit
661 2401 667 2432 ε
689 2383 741 2434 etsi
750 2383 856 2434 Atteius

57 2457 224 2523 Philologus
239 2456 293 2506 dno
309 2449 415 2508 tautum
429 2455 570 2508 volumina
585 2459 615 2508 de
625 2456 724 2510 Latino
739 2475 856 2510 sermone

55 2533 204 2600 reliquisse
216 2547 275 2582 eum
285 2532 372 2582 tradit
382 2549 389 2582 r
409 2545 472 2582 uam
488 2538 578 2583 cetera
593 2534 695 2599 scripta
706 2534 855 2602 discipulo-

55 2626 118 2661 rum
129 2609 190 2660 eius
201 2623 273 2670 esse,
284 2623 340 2658 nou
349 2607 436 2674 ipsius
448 2622 454 2666 3
475 2607 504 2656 in
516 2609 614 2674 quibus
625 2616 652 2660 et
662 2625 739 2662 situm
751 2610 854 2662 alicubi

11 2719 13 2728 ι
54 2683 175 2753 reperiri
184 2697 291 2733 nomeu.

11 2759 12 2762 ’
114 2757 189 2816 Vlll.
210 2757 249 2808 Μ.
269 2756 428 2808 Pournuus
449 2757 648 2825 ¹transcursus,
670 2762 782 2813 natione
803 2760 852 2836 Sy-
