2036 3022
94 208 144 260 228
369 211 397 258 c,
419 209 608 257 SUETONll

94 334 164 386 etin
173 334 235 386 viae
245 333 350 402 Appiae
359 334 421 386 rico
436 338 547 402 repente
557 349 671 400 puerum
679 333 774 387 citatis
783 332 891 386 iumen-

93 412 130 460 tis
146 409 219 462 haud
232 410 346 478 ignarus
362 409 487 473 obtrivit,
503 415 531 460 et
540 408 644 460 Romae
654 409 745 460 medio
755 408 820 460 fero
834 411 892 461 cui-

94 486 157 548 dam
174 486 260 552 equiti
273 483 398 536 Romano
414 485 527 535 liberius
539 483 662 551 iurganti
678 483 787 535 oculum
803 486 891 536 eruit:

93 560 225 626 perfidiae
239 575 304 612 vero
318 564 425 623 tantae,
439 565 470 610 ut
483 575 539 610 non
549 559 632 610 modo
644 559 817 626 argentarios
827 576 890 626 pre-

92 636 141 686 tiis
156 651 245 686 rerum
261 639 458 700 coemptarum,
475 635 523 685 sed
538 640 566 684 et
579 635 608 684 in
622 639 751 700 praetura
761 635 889 686 mercede

93 710 246 776 palmarum
257 709 413 776 aurigarios
423 707 601 760 fraudaverit.
640 708 760 760 Notatus
771 709 807 760 cb
819 707 890 760 haee

95 791 122 835 et
136 785 241 836 sororis
254 785 331 846 ioco,
348 783 525 850 querentibus
536 783 654 834 dominis
664 782 830 848 factionum,
847 801 888 836 re-

90 855 715 930 praesentandapraemioinposterum,sanxit.
753 857 901 910 Maiesta.

93 935 130 983 tis
147 947 266 1000 quoqne,
282 939 309 985 et
324 933 533 996 adulteriorum,
547 933 699 999 incestique
713 948 775 984 eum
789 949 889 985 sorore

93 1007 201 1075 Lepida
215 1010 265 1060 sub
282 1008 516 1060 excessuTiberii
529 1023 605 1073 reus,
620 1007 772 1059 mutatione
782 1014 889 1076 ternpo-

95 1100 154 1135 rum
170 1084 269 1146 crasit3
290 1084 460 1149 decessitque
474 1081 575 1150 Pyrgis
589 1083 686 1134 morbo
702 1098 790 1149 aquae
804 1083 897 1136 inter.

96 1159 178 1224 cutis,
190 1159 299 1210 sublato
311 1159 369 1209 lilio
381 1157 490 1210 Nerone
500 1171 534 1208 ex
543 1157 709 1224 Agrippina,
721 1155 888 1210 Germanico

94 1235 195 1301 genita.

130 1307 178 1359 Vl,
198 1307 271 1360 Nero
287 1312 368 1360 natus
383 1312 425 1360 est
438 1307 514 1358 Antii
528 1313 593 1374 post
607 1323 680 1359 ncnc
696 1322 788 1358 meuse
805 1323 888 1375 quarn

95 1385 222 1434 Tiberius
233 1384 361 1447 excessit,
373 1381 593 1435 duodevicesimo
604 1381 744 1434 Kalendas
754 1382 888 1446 ianuarii,

94 1464 199 1510 tantum
215 1458 289 1528 quod
304 1458 444 1510 exoriente
458 1457 530 1520 sole,
551 1471 637 1525 paene
652 1461 683 1507 ut
702 1457 790 1508 radiis
809 1459 888 1524 prius

96 1549 177 1600 quam
188 1529 264 1586 ¹terra
280 1534 491 1600 contingeretur.
530 1531 573 1582 De
583 1532 709 1599 genitura
719 1533 778 1583 eius
793 1533 890 1584 statim

96 1608 181 1660 multa
192 1614 219 1660 et
231 1607 415 1660 formidolosa
428 1607 523 1658 multis
534 1607 764 1671 coniectantibus,
776 1623 888 1674 praesa·

95 1685 141 1749 gio
157 1683 211 1734 fnit
224 1684 307 1734 etiam
320 1682 440 1733 Domitii
453 1682 541 1748 patris
554 1696 624 1746 vox,
637 1683 710 1733 iuter
723 1682 889 1750 gratulatio-

95 1774 142 1808 nes
154 1757 304 1809 amicorum
314 1757 448 1824 negantis,
460 1757 606 1825 quiequam
618 1761 652 1808 e'x
661 1772 691 1808 se
701 1762 729 1808 et
737 1758 893 1824 Agrippina

95 1833 150 1884 nisi
175 1833 336 1884 detestabile
361 1836 389 1884 et
412 1831 485 1883 malo
511 1831 622 1899 publico
647 1832 726 1884 nasei
754 1835 889 1898 potuisse.

96 1907 225 1960 Eiusdem
236 1907 345 1961 futurae
355 1907 527 1959 infelicitatis
538 1907 646 1974 signum
661 1906 772 1959 evidens
789 1907 833 1959 die
849 1909 890 1959 lu-

96 1985 179 2036 strico
195 1985 312 2036 exstitit:
332 1999 396 2034 nam
418 1983 447 2032 C.
464 1983 578 2045 Caesar,
599 1987 714 2049 rogante
729 1997 840 2047 sorore,
860 1989 894 2034 ut

95 2059 207 2125 infanti,
219 2058 292 2128 quod
303 2059 397 2122 vellet,
412 2073 511 2108 nomen
522 2056 613 2122 daret,
623 2057 731 2109 intuens
743 2057 891 2108 Claudium

95 2140 222 2200 patruum
237 2149 329 2196 suom,
345 2149 362 2183 a
373 2148 426 2199 quo
437 2146 504 2183 mox·
515 2131 639 2198 principe
649 2131 723 2184 Nero
740 2133 891 2200 adoptatis

96 2215 149 2272 est,
171 2209 229 2260 eius
250 2224 279 2259 se
300 2207 370 2258 dixit
390 2207 468 2258 dare:
488 2221 576 2273 neque
595 2206 655 2274 ipse
670 2208 757 2272 serio,
773 2208 822 2259 sed
841 2223 891 2274 per

95 2284 200 2348 iocum,
217 2289 244 2334 et
255 2288 418 2349 aspernante
428 2281 590 2348 Agrippina,
602 2282 677 2348 quod
687 2287 745 2334 tum
757 2282 891 2334 Claudius

94 2359 166 2410 inter
179 2357 300 2409 ludibria
315 2357 394 2408 aulae
405 2361 472 2408 erat.
512 2355 652 2406 Trimulus
666 2362 772 2423 patrem
783 2359 890 2408 amisit:

99 2435 175 2484 cuius
187 2449 220 2484 ex
229 2437 308 2499 parte
317 2432 400 2482 tertia
409 2428 497 2493 heres,
508 2444 542 2480 ne
553 2428 624 2482 lranc
634 2430 743 2498 quidem
753 2432 890 2500 integram

98 2509 181 2574 cepit,
198 2507 331 2572 correptis
346 2521 396 2572 per
411 2501 571 2555 coheredem
584 2505 680 2556 Gaium
689 2507 826 2557 univ-ersis
841 2508 890 2559 bo-

96 2580 152 2642 nis,
173 2587 201 2631 et
219 2579 334 2631 subinde
353 2583 440 2629 matre
460 2579 543 2628 etiam
555 2579 691 2646 relegata,
707 2595 794 2647 paene
808 2581 892 2647 inops

99 2658 180 2717 atque
195 2666 275 2720 egens
287 2653 359 2719 apud
371 2653 482 2704 amitam
493 2651 628 2720 Lepidam
642 2655 762 2706 nutritus
773 2661 827 2720 est,
839 2657 891 2706 sub

99 2723 204 2776 duobus
215 2728 392 2793 paedagogis,
404 2727 537 2780 saltatore
548 2733 629 2796 atque
639 2734 760 2783 tonsore.
788 2727 892 2784 Verum
