2050 3034
275 251 477 302 CALIGULA.
514 256 592 304 CAP-
612 258 726 303 ³3-3i.
847 255 898 308 179

97 377 201 446 bisque
208 377 342 430 victorem
353 381 506 448 noumgi
516 381 575 432 sine
585 395 664 433 mora
674 380 769 446 iussit,
790 388 818 433 et
829 397 897 451 pau·

94 453 397 515 uieebsibimuieatim
408 456 585 520 circumduci,
592 471 625 508 ac
634 456 796 508 mulieribus
808 465 897 510 osten·

94 529 144 592 di,
162 527 262 581 deinde
273 531 405 598 iugulari·
444 531 543 583 Nullus
558 530 675 601 denique
694 538 752 583 tam
773 533 896 586 abiectae

94 603 279 669 conditionis,
299 612 411 674 tamque
422 613 559 658 extremae
569 607 653 658 sortis
663 606 729 671 fuit,
752 607 830 660 cuius
839 623 896 662 nun

95 679 253 730 oemmudis
261 681 436 739 obtrectaret.
475 681 638 734 Nemorensi
647 683 718 750 regi,
741 683 895 749 quodmul-

93 753 207 803 tesiam
220 769 307 806 anuos
321 757 459 823 potiretur
473 757 643 822 sacerdotia,
663 757 829 810 validiorem
847 759 894 810 ad-

93 829 248 882 versarium
264 831 435 882 subornavit.
475 833 563 892 Qumn
579 834 700 899 quiedam
715 833 759 886 die
773 834 894 886 muneris

96 901 238 957 caeduis
243 903 338 970 Porio,
349 907 385 958 ab
395 922 555 974 prosperam
566 923 684 975 pugnam
696 923 803 960 servium
814 925 894 964 suum

94 979 309 1044 manumittenu',
317 981 471 1032 studiosius
480 983 607 1048 plausum
618 989 703 1046 esset,
713 983 754 1034 ita
765 1000 794 1036 se
804 985 893 1051 prori-

93 1054 156 1119 puit
166 1069 181 1105 e
190 1055 367 1122 spectaculis,
376 1061 416 1121 ut,
428 1055 536 1108 calcata
548 1056 649 1107 luciaria
659 1061 751 1123 togae,
761 1073 892 1126 praeceps

92 1143 144 1195 per
153 1129 257 1195 gradus
266 1130 320 1182 iret
329 1131 552 1198 indignabundus
563 1136 591 1181 et
601 1131 754 1196 clamitans,
761 1131 893 1184 danninum

91 1203 213 1272 gentiam
224 1206 350 1272 pupulum
364 1222 396 1256 ex
410 1222 439 1256 re
453 1204 581 1258 levissima
591 1207 651 1272 pius
667 1205 773 1258 honoris
785 1206 891 1274 gladiu-

92 1277 148 1330 tees'
167 1278 337 1343 tribuentem,
364 1297 442 1346 quum
462 1280 621 1333 democratia
644 1275 819 1348 principibus,
844 1289 895 1334 aut

89 1352 228 1423 praesenti
236 1353 294 1406 tibi

119 1467 122 1474 .
148 1429 277 1482 XXXVI.
288 1429 444 1484 Pudicitiae
454 1447 542 1499 neque
553 1445 619 1482 suae
630 1447 717 1500 neque
728 1433 835 1486 alienae
845 1449 892 1501 pe-

90 1505 190 1570 parsit.
210 1505 402 1573 MLspidum,
413 1507 578 1558 Mnesterem
589 1508 796 1573 pantomimum,
810 1525 893 1576 quos·

92 1579 159 1628 dam
170 1580 280 1633 obsides
287 1581 421 1634 dilexisse
430 1581 518 1633 ferum
528 1583 692 1634 commercio
700 1584 788 1633 mutui
793 1585 891 1650 stupri.

91 1650 222 1706 Valerius
234 1656 371 1721 Catullus,
384 1657 523 1708 ennsulari
534 1656 643 1708 familia
653 1658 773 1722 iuvenis,
784 1665 891 1724 stupra-
917 1651 923 1656 ’

90 1737 150 1779 urus
161 1745 189 1780 =a
208 1747 251 1794 se,
273 1747 307 1782 ae
325 1731 413 1783 latera
434 1733 488 1783 sibi
503 1733 683 1784 contubernio
700 1733 758 1784 eius
773 1731 898 1798 defessa,⁴

92 1805 179 1855 etiarn
195 1805 366 1860 ¹vueiferatns
386 1813 436 1857 est.
477 1806 565 1872 Super
579 1822 706 1859 soronam
725 1809 842 1872 incesta,
864 1815 892 1860 et

91 1881 448 1949 notissimumprostitutae
459 1878 610 1946 Pyrallidis
626 1895 759 1945 amorem,
780 1898 836 1933 non
851 1889 891 1934 te-

91 1955 396 2008 mereullaillustriore
405 1955 509 2007 seusina
523 1955 670 2005 abstinuit:
691 1970 760 2023 quas
773 1955 891 2022 plenum-

93 2046 217 2096 queuum
230 2031 337 2080 maritis
347 2031 384 2082 ad
395 2046 508 2082 coenans
519 2036 647 2094 vasatas,
668 2035 831 2098 praeterque
845 2046 890 2097 pe-

93 2105 140 2156 des
151 2122 219 2157 suos
230 2111 415 2170 transeuntes,
428 2107 574 2173 diligenter
585 2121 618 2156 ae
627 2106 700 2157 lente
710 2106 890 2159 mercantium

93 2195 168 2232 more
182 2180 391 2244 considerahut3
412 2182 494 2233 etiam
511 2180 611 2234 faeiem
624 2197 709 2248 uranu
719 2181 854 2247 allevans,
866 2181 891 2231 si

94 2271 163 2321 puae
174 2257 281 2323 pudore
293 2257 500 2308 summitterent.
517 2257 634 2319 Quoties
645 2248 743 2310 deiude
753 2257 890 2320 libuisset,

93 2343 220 2398 egressus
230 2331 366 2394 triclinio,
388 2347 471 2398 quum
486 2334 604 2384 maxime
618 2333 749 2402 placitam
765 2347 890 2385 seveeas-

93 2412 142 2470 set,
153 2407 250 2473 paullo
262 2411 338 2472 post,
349 2407 504 2457 recentibus
515 2407 605 2460 adhue
614 2408 745 2460 lasciviae
755 2408 839 2468 uotis,
850 2421 890 2456 re-

94 2495 187 2534 versus
196 2481 243 2532 vel
252 2480 386 2532 laudabat
396 2480 500 2546 palam,
515 2483 560 2534 vel
572 2484 761 2550 vituperabat,
782 2479 890 2546 singula

92 2566 256 2608 enumerans
270 2557 345 2607 bona
358 2555 464 2606 malave
480 2558 605 2623 eorporis
621 2565 703 2624 atque
718 2554 890 2606 concubitus.

93 2629 276 2694 Quibusdam,
283 2631 436 2682 absentium
448 2632 610 2682 maurorum
620 2631 739 2693 nomine,
746 2627 890 2695 repudium

90 2705 150 2774 ipsa
159 2707 247 2768 misit,
259 2706 394 2771 iussitque
405 2705 434 2756 in
446 2710 508 2755 aeta
517 2705 624 2756 referri.

144 2779 290 2856 XXXVll.
306 2779 452 2850 Nepotiuis
463 2779 616 2848 sumptibus
628 2779 747 2834 onmium
758 2778 887 2848 prodigo-

517 2905 520 2912 s
631 2875 684 2922 ΜΞ
