2026 3020
203 265 459 320 ocrsvssuus
496 269 709 318 corsa-ss.
821 265 854 322 ss

49 396 162 448 domos.
201 393 350 462 Nunquam
360 395 436 448 lilios
449 411 515 448 suos
525 396 630 464 populo
643 395 854 462 commendavit,

46 478 148 524 utnon
160 469 308 522 adiiceret:
323 470 348 521 si.
355 471 531 522 merebuntur.
566 471 687 537 Eisdem,
698 477 853 540 praetexta-

46 548 83 598 tis
96 544 205 608 adbuc,
227 547 460 598 assiurectumab
475 547 612 599 universis
625 549 655 599 in
669 545 778 599 theatro
795 552 823 598 et
836 562 854 597 a

47 621 192 673 stantibus
202 620 342 687 plausum,
357 621 519 687 grauissime
530 629 642 690 questus
653 629 702 675 est.
742 622 853 673 Amicos

46 699 90 747 ita
99 709 222 763 magnos
232 701 395 763 etpoteutes
405 697 435 748 in
446 697 558 750 civitate
568 713 628 762 esse
642 697 745 762 voluit,
765 703 798 748 ut
811 702 852 747 ta-

47 788 111 824 men
121 771 188 838 pari
197 771 258 821 iure
269 777 371 835 essent,
389 787 443 839 quo
456 771 553 835 ceteri,
564 773 725 842 legibusque
735 772 852 824 iudicia-

48 848 99 898 n'ia
111 861 202 913 aeque
217 851 383 898 tenerentur.
423 846 513 907 Qunam
524 848 661 915 Asprenas
672 848 791 912 Nonius,
808 863 851 898 ar-

49 923 105 976 tius
121 923 150 972 ei
167 922 292 986 iunctus,
314 935 426 972 causam
444 923 571 974 veneficii
591 929 737 974 accusante
753 923 850 974 Cassio

51 997 154 1050 Severo
167 995 280 1059 diceret,
286 996 425 1056 consuluit
436 1001 569 1060 senatum,
576 996 643 1068 quid
654 997 740 1048 officii
749 997 794 1046 sui
803 1013 851 1063 pu-

49 1077 134 1124 taret:
158 1070 289 1122 &uetari
298 1071 367 1125 enim
377 1086 416 1132 se,
432 1087 477 1132 ne,
493 1070 518 1121 a·
527 1079 683 1138 superesset,
694 1069 807 1138 eruperat
817 1073 851 1121 le-

47 1147 127 1216 gibus
142 1148 236 1206 reum5
260 1145 301 1198 sia
319 1146 429 1209 merset,
450 1145 591 1198 destituere
611 1163 643 1198 ae
658 1146 853 1213 praedamnare

49 1221 167 1274 amum
182 1219 377 1273 aestimaretur.
416 1221 454 1273 Et
468 1222 702 1274 consentientibus
716 1220 852 1273 universis

49 1297 164 1349 seditin
175 1295 315 1348 subselliis
329 1311 379 1364 per
393 1297 502 1364 aliquot
515 1295 612 1362 boras,
633 1312 726 1349 verum
740 1296 851 1360 tacitam

50 1389 84 1423 ac
97 1388 133 1423 ne
148 1371 311 1422 laudatione
330 1371 440 1438 quidem
459 1371 588 1424 iudiciali
605 1372 680 1424 data.
719 1370 807 1423 affuit
826 1377 853 1424 et

51 1448 209 1510 clientibus,
221 1446 295 1498 sicut
305 1445 431 1498 Scutario
444 1447 567 1512 cuidam,
583 1454 699 1499 evocato
712 1447 851 1515 quondam

37 1539 112 1587 ,sum
124 1522 176 1590 qui
184 1520 380 1589 postulabatur
393 1521 567 1574 iniuriarum.
605 1523 695 1574 Unum
710 1523 821 1572 omnino
837 1537 852 1572 e

50 1613 164 1650 reorum
175 1611 299 1660 numero,
312 1611 345 1648 ac
354 1611 388 1648 ne
399 1611 460 1648 eusn
471 1598 582 1665 quidem
592 1598 648 1648 uisi
657 1597 794 1664 precibus,
800 1596 852 1646 cri·

51 1674 124 1740 pnit,
146 1677 264 1725 exorato
286 1686 379 1724 coram
392 1672 532 1724 iudicibus
552 1678 727 1736 accusatore,
749 1671 851 1722 Castri-

51 1750 134 1813 cium,
139 1763 191 1815 per
201 1762 281 1814 quens
293 1747 326 1798 de
337 1747 665 1800 coniuratioueMurenae
674 1752 851 1815 cognoverat.

106 1821 195 1874 LVll.
207 1821 262 1873 Pro
273 1822 372 1890 quibus
382 1822 668 1889 meritis-quantopere
679 1821 796 1874 dilectus
806 1820 851 1882 sit,

50 1899 136 1950 facile
147 1903 191 1949 est
201 1897 357 1950 aestimare.
397 1896 501 1948 Omitto
513 1902 626 1948 senatus
637 1896 773 1960 consulta,
786 1895 852 1961 quia

50 1978 171 2040 possunt
183 1971 272 2023 videri
285 1973 330 2024 vel
343 1971 508 2024 necessitate
522 1985 653 2038 expressa
666 1970 710 2022 vel
723 1983 853 2021 verecun-

51 2050 108 2100 dia.
147 2046 264 2114 Equites
284 2047 404 2104 Romani
422 2046 543 2099 natalem
568 2047 628 2098 eius
652 2051 750 2112 sponte
770 2049 853 2110 atque

52 2137 192 2176 consensu
201 2122 287 2174 biduo
299 2138 405 2190 semper
416 2123 600 2174 celebrarunt.
629 2121 730 2174 Omnes
741 2119 852 2174 ordines

51 2201 81 2249 in
90 2199 184 2250 lacum
191 2197 281 2250 Curtii
291 2198 440 2265 quotannis
449 2213 483 2250 ex
492 2202 560 2250 voto
571 2213 622 2266 pro
633 2197 722 2250 salute
733 2198 793 2250 eius
803 2199 851 2250 sti-

52 2289 114 2340 pem
128 2273 283 2334 iaciebant;
307 2273 372 2324 itera
388 2271 521 2324 Kalendis
535 2273 673 2326 Ianuariis
688 2279 806 2326 strenam
821 2275 851 2322 in

54 2347 211 2416 Capitolio,
222 2349 307 2399 etiarn
317 2347 436 2400 absenti:
458 2364 490 2399 ex
501 2363 557 2416 qua
567 2365 673 2400 summa
684 2348 851 2416 pretiosissi-

53 2439 97 2474 sna
108 2423 226 2474 deorum
236 2421 385 2474 simulacra
395 2428 545 2487 mercatus,
566 2425 677 2474 vicatim
694 2422 851 2484 dedicabat,

54 2506 83 2550 ut
102 2497 260 2566 Apollinem
276 2496 494 2561 Sandaliarium,
515 2504 543 2549 et
556 2498 648 2550 lovem
665 2496 851 2562 Tragoedum,

54 2574 174 2641 aliaque.
214 2571 247 2622 ln
256 2573 457 2624 restitutionem
468 2570 613 2624 Palatinae
628 2571 739 2633 domus,
759 2571 851 2620 incen-

53 2649 100 2700 dio
120 2649 299 2713 absumptae,
319 2646 455 2710 veterani,
476 2646 618 2709 decuriae,
641 2645 742 2708 tribus,
768 2650 851 2711 atque

52 2724 135 2776 etiam
147 2721 312 2788 singillatim
323 2738 337 2774 a
348 2728 439 2773 cetero
451 2736 550 2788 genere
565 2719 719 2783 bominum,
735 2719 851 2771 libentes

52 2815 83 2852 aa
92 2813 146 2868 pro
158 2795 293 2850 facultate
304 2797 419 2866 quisque
429 2796 561 2865 pecunias
578 2796 763 2848 conmlenmts
784 2793 851 2846 deli·

599 2890 645 2936 Fa
