2026 3020
122 233 155 284 58
399 234 425 280 C.
450 233 640 282 SUETONll

122 375 243 428 gnopere
255 359 395 427 cupiebat,
412 358 496 409 etiam
505 355 617 422 Psyllos
631 355 766 420 admovit,
783 355 832 424 qui
841 373 922 410 vene-

122 450 188 486 num
199 451 232 485 ac
241 436 317 485 virus
328 438 502 499 exsugerent3
523 429 595 499 quod
611 431 726 497 periisse
740 447 836 482 morsu
846 435 921 501 aspi·

124 510 167 561 dis
178 511 336 578 putabatur.
370 507 509 557 Ambobus
521 521 690 558 communem
701 505 860 574 sepulturae
871 505 921 559 ho-

123 601 218 637 norem
228 584 334 645 tribuit,
341 597 374 631 ac
383 581 516 632 tumulum
528 582 563 631 ab
573 581 641 648 ipsis
652 579 810 631 inchoatum
823 583 920 648 perfici

124 661 212 710 iussit.
242 657 389 708 Antonium
400 656 534 718 iuvenem,
545 656 678 706 maiorem
690 655 723 706 de
734 653 843 707 duobus
852 657 920 708 Ful·

123 737 168 786 via
178 733 290 801 genitis,
307 731 454 781 simulacro
466 729 501 781 D.
512 730 588 794 Iulii,
610 729 731 798 adquod
742 737 806 798 post
815 731 920 782 multas

122 816 150 860 et
168 808 262 858 irritas
283 821 377 874 preces
403 805 576 872 confugerat,
603 805 745 872 abreptum
768 805 918 858 interemit.

121 885 188 934 ltem
200 881 407 944 Caesarionem,
429 895 508 948 quem
519 895 551 930 ex
564 880 681 930 Caesare
693 880 841 947 Cleopatra
852 897 919 932 con-

123 958 227 1025 cepisse
238 956 426 1024 praedicabat,
438 960 587 1016 retractum
598 971 612 1005 e
623 954 690 1020 iuga
700 955 836 1022 supplicio
849 955 918 1006 affe-

124 1034 169 1084 cit.
193 1032 326 1101 Reliquos
337 1031 450 1082 Antonii
459 1031 623 1098 reginaeque
634 1045 790 1080 coninumes
803 1030 917 1095 liberos,

122 1123 177 1159 nou
188 1123 266 1160 secus
277 1123 310 1158 ac
319 1107 520 1159 necessitudine
530 1106 639 1155 iunctos
650 1105 716 1167 sibi,
732 1111 760 1155 et
771 1120 917 1157 conserva-

121 1185 161 1234 vit
171 1189 198 1234 et
209 1197 272 1234 mox
283 1197 333 1250 pro
346 1181 504 1232 conditione
515 1181 646 1246 cuiusque
656 1180 787 1230 sustinuit
797 1195 830 1230 ao
835 1179 916 1232 fovit.

177 1256 277 1308 XVlIl.
297 1253 351 1306 Per
364 1255 437 1306 idem
451 1261 558 1322 tempus
573 1254 758 1305 conditorium
773 1260 800 1305 et
815 1271 918 1323 corpus

122 1332 218 1398 Magni
227 1329 388 1393 Alexandri,
409 1345 491 1398 quum
506 1329 644 1397 prolatum
655 1345 669 1380 e
680 1329 815 1398 penetrali
825 1330 917 1382 subie-

123 1407 204 1456 cisset
216 1405 422 1468 oculis,corona
434 1419 517 1454 aurea
526 1403 915 1473 impositaacllonibusasper-

122 1480 159 1530 sis
169 1484 314 1530 veneratus
325 1484 377 1530 est:
399 1478 603 1546 consultusque,
614 1494 677 1529 num
688 1484 716 1529 et
725 1477 914 1530 Ptolemaeum

122 1555 255 1623 inspicere
269 1553 363 1617 vellet,
384 1569 473 1622 regem
487 1569 513 1602 ee
527 1552 647 1614 uoluisse,
669 1552 721 1616 ait,
741 1551 840 1616 nidere,
862 1571 917 1606 neu

121 1639 245 1681 retortum.
277 1629 451 1695 Aegyptum,
472 1628 500 1677 in
521 1627 679 1695 provinciae
699 1627 816 1678 formam
834 1629 915 1679 reda-

121 1711 205 1767 ctam,
223 1709 256 1753 ut
265 1702 426 1754 feraciorem
438 1701 655 1769 habilioremque
666 1717 791 1753 annonae
801 1704 915 1756 urbicae

120 1778 259 1841 redderet,
270 1775 362 1828 fossas
373 1792 476 1840 omnes,
487 1777 515 1832 iu
528 1792 596 1844 quas
607 1775 686 1828 Nilus
696 1783 853 1842 exaestuat,
866 1779 914 1830 ob-

121 1854 231 1905 limatas
242 1852 326 1920 longa
336 1857 480 1916 vetustate,
486 1852 601 1902 militari
612 1866 693 1919 opere
703 1851 825 1903 detersit.
839 1853 914 1914 Quo-

122 1945 174 1997 que
184 1929 313 1980 Aetiacae
323 1927 458 1979 victoriae
468 1927 601 1978 memoria
612 1926 777 1978 celebratior
787 1934 814 1978 ot
825 1929 854 1978 in
864 1945 914 1996 po-

122 2009 223 2056 sterum
235 2010 319 2068 esset,
339 2005 434 2054 urbem
445 2001 604 2069 Nicopolim
619 2001 691 2069 apud
701 2001 809 2053 Actium
820 2003 915 2055 condi-

123 2080 176 2142 dit3
197 2078 331 2148 ludosque
345 2078 404 2128 illic
418 2076 633 2145 quinquennales
645 2077 800 2139 constituit3
821 2084 848 2128 et
858 2093 915 2128 am-

121 2153 208 2222 pliato
228 2161 319 2206 vetere
338 2151 474 2219 Apollinis
493 2151 609 2217 templo,
634 2149 724 2202 locum
750 2157 914 2216 castrorum,

122 2227 221 2295 quibus
231 2227 322 2277 fuerat
331 2242 406 2289 usus,
418 2229 579 2276 exornatum
589 2226 735 2276 navalibus
746 2227 853 2295 spoliis,
860 2226 914 2279 Ne·

120 2308 205 2370 ptuno
218 2315 251 2352 ac
260 2300 347 2351 Marti
357 2300 536 2352 consecravit.

176 2376 250 2427 XlX.
272 2375 418 2427 Tumultus
427 2380 492 2443 post
502 2372 577 2439 haee,
590 2376 716 2426 ucetiam
727 2392 817 2427 rerum
828 2393 913 2428 nova-

119 2467 180 2504 rum
194 2451 276 2502 initia
291 2451 549 2518 coniurationesque
565 2449 731 2517 complures,
752 2452 913 2520 priusquam

118 2527 324 2591 invalescerent,
335 2525 439 2578 indicio
452 2525 572 2578 detectas
584 2527 758 2593 compressit,
773 2527 844 2578 alias
856 2527 912 2579 alio

119 2608 254 2669 tempore:
275 2600 376 2671 Lepidi
388 2600 506 2664 iuvenis,
528 2600 625 2652 deinde
635 2599 770 2652 Varronis
780 2601 914 2654 Murenae
1004 2631 1005 2636 =

119 2682 146 2727 et
159 2676 261 2728 Fannii
275 2677 435 2745 Caepionis,
455 2690 520 2728 mox
534 2675 572 2726 M.
589 2674 714 2742 Egnatii,
735 2677 798 2727 exin
808 2675 913 2730 Plautii

118 2747 189 2807 Rufi.
201 2749 336 2820 Luciique
347 2751 451 2816 Paulli,
465 2751 613 2821 progeneri
622 2751 678 2814 sui;
700 2766 732 2802 ac
742 2757 853 2824 praeter
863 2751 915 2808 hus
