2050 3034
258 179 459 262 caelenis.
495 215 708 262 censs-sc.
837 219 887 270 173

82 337 167 392 ritum
179 354 209 390 se
220 338 289 402 eius,
301 343 329 390 et
339 343 444 406 patrem
454 337 570 390 infantis
581 346 760 392 encaustae.
796 343 886 396 losan-

81 423 136 467 tem
148 413 355 478 autem,luliam
362 411 515 464 Drusillam
526 413 885 485 appellatam,peromnium
927 444 930 452 ·

80 491 197 542 dearum
211 489 315 556 templa
331 487 538 552 circumferens,
558 489 700 542 Minervae
714 494 820 558 grenuo
835 494 885 544 im-

77 566 188 634 posuit,
212 565 393 632 alendamque
412 570 440 615 et
457 563 654 616 instituendam
674 568 883 635 commendavit.

78 641 138 692 Nec
152 641 214 691 ullo
231 639 352 691 firmiore
366 638 471 690 indicio
488 641 532 689 sui
547 641 659 692 seminis
674 657 735 694 esse
745 643 882 709 credebat,

77 731 162 784 qnam
174 714 309 766 feritatis:
330 729 401 782 quae
411 714 455 764 illi
465 718 727 782 quoqnetantaiam
737 724 804 770 tunc
814 729 882 785 erat,

74 799 107 842 nt
121 790 235 842 infestis
250 790 345 858 digitis
361 804 412 841 ora
427 795 455 841 et
468 791 565 844 curios
578 793 660 844 simul
674 793 826 846 ludentium
841 797 881 848 in-

74 866 196 917 fantium
207 867 366 917 incesseret.

131 940 236 992 xxvi.
258 939 332 992 Leve
352 957 385 991 ac
404 939 536 1008 frigidum
556 943 605 1005 sit,
626 941 669 993 his
690 945 803 1009 addere,
825 963 879 1015 qno

73 1018 252 1084 propinquos
268 1017 426 1084 amicosque
441 1021 523 1082 pacto
537 1017 710 1081 tractaverit,
726 1017 879 1072 Ptolemae-

73 1107 130 1156 um,
142 1094 218 1160 regis
223 1083 308 1142 lubae
318 1091 414 1154 lilium,
421 1091 616 1142 consobrinum
626 1107 713 1157 suum,
724 1098 797 1157 (erat
807 1097 878 1146 enim

74 1173 101 1218 et
110 1169 136 1218 is
147 1167 188 1217 M.
200 1167 314 1217 Antonii
328 1181 362 1218 ex
377 1166 474 1218 Selene
488 1166 547 1216 lilia
561 1171 677 1234 nepos,)
699 1174 726 1220 et
738 1170 767 1218 in
782 1171 878 1236 primis

72 1243 166 1310 ipsum
177 1241 349 1306 Macronem,
360 1243 449 1311 ipsam
461 1241 590 1305 Enniam,
603 1243 744 1295 adiutores
754 1246 877 1313 imperiis

74 1319 179 1384 quibus
191 1317 319 1368 omnibus
329 1333 380 1385 pro
392 1317 603 1369 necessitudinis
618 1319 691 1383 iure,
707 1335 812 1388 proque
822 1337 876 1372 me-

72 1393 195 1444 ritorum
206 1394 310 1460 gratia,
327 1399 440 1444 cruenta
454 1408 529 1444 mors
539 1394 681 1459 persoluta
692 1402 741 1446 est.
780 1395 875 1448 Nihilo

73 1468 248 1520 reverentior
257 1468 381 1520 leniorue
392 1484 458 1537 erga
468 1474 605 1519 senatums
617 1471 751 1536 quosdam
763 1473 876 1524 summis

73 1542 232 1595 honoribus
247 1543 357 1594 frinetm
374 1544 410 1594 ad
424 1544 551 1596 essedum
565 1544 620 1595 sibi
641 1560 750 1596 currere
764 1552 876 1613 togatos

72 1634 125 1687 per
147 1619 256 1686 aliquot
275 1633 406 1686 passuum
426 1620 529 1683 millia,
549 1625 578 1670 et
597 1621 726 1676 coenanti
740 1621 823 1673 niodo
840 1621 876 1672 ad

71 1695 199 1763 pluteum
211 1695 295 1746 modo
306 1694 343 1745 ad
353 1695 436 1763 pedes
447 1701 530 1758 stare,
541 1696 697 1746 suecmetos
707 1696 802 1761 linteo,
812 1711 875 1766 pas-

72 1785 121 1820 sus
133 1775 187 1820 est:
209 1769 294 1834 alios,
316 1785 399 1837 quum
411 1770 481 1821 clam
492 1770 688 1834 interemisset,
710 1773 795 1823 citare
805 1771 875 1822 nihi·

71 1845 197 1896 lominus
207 1850 239 1895 ut
248 1847 326 1896 vivos
337 1845 534 1912 perseveravit,
556 1859 660 1910 paucos
675 1851 740 1912 post
755 1847 813 1898 dies
827 1863 874 1898 vo·

71 1921 198 1970 luntario
209 1926 297 1972 morte
306 1921 422 1988 periisse
432 1919 571 1970 mentitus.
612 1919 789 1984 Consulibus,
806 1922 875 1972 obli-

71 1996 109 2045 tis
130 1995 166 2046 de
186 1995 277 2047 natali
295 2011 346 2046 suo
367 1995 487 2058 edicere,
509 1994 656 2060 abrogavit
674 1995 874 2061 magistratum,

72 2069 182 2138 fuitque
193 2070 374 2138 pertriduum
385 2071 444 2122 sinc
454 2070 873 2137 summapotestatercspublica.

74 2146 260 2206 Quaestorem
270 2161 348 2197 snum
359 2147 388 2196 in
400 2146 592 2198 coniuratione
602 2146 772 2196 nominatum
782 2146 874 2215 flagel-

73 2221 156 2285 lavit,
177 2227 254 2272 veste
269 2221 393 2272 detracta
413 2222 592 2288 urbiectaqne
611 2220 729 2272 militum
748 2222 874 2290 pedibus,

74 2311 129 2364 quo
146 2297 225 2348 lirme
239 2296 413 2348 uerberaturi
426 2296 594 2348 insisterent.
634 2295 725 2348 Simili
745 2297 876 2365 superbia

73 2372 266 2439 violentiaque
281 2377 386 2423 ceteros
401 2372 533 2421 tractavit
544 2371 663 2423 ordines.
702 2372 875 2441 Inquietatus

72 2446 187 2498 fremitu
200 2447 324 2520 grantita
337 2447 367 2497 in
378 2446 459 2496 Circo
475 2445 538 2497 loca
553 2445 587 2497 de
600 2446 693 2497 media
703 2451 783 2496 nocte
795 2459 875 2496 occu·

70 2524 211 2590 pannum,
234 2534 328 2573 onmes
342 2520 462 2572 fustibus
478 2521 579 2588 abegit.
618 2519 873 2587 Elislqucpcreum

69 2597 220 2649 tumultum
234 2597 334 2663 viginti
349 2596 468 2662 amplius
486 2596 593 2660 equites
603 2593 735 2656 Romani,
756 2593 874 2644 totidem

70 2679 233 2736 matronae,
250 2685 333 2738 snper
342 2672 513 2722 innumeram
523 2669 633 2718 turbam
645 2671 771 2717 ceteram.
811 2667 874 2718 Sce-

13 2779 18 2883 ι
70 2749 140 2802 uicis
156 2747 247 2812 ludis,
268 2747 340 2798 inter
353 2746 460 2815 plebem
475 2750 503 2796 et
517 2742 636 2809 equitem
647 2755 759 2794 causam
769 2741 873 2796 discor·
