2044 3028
166 259 215 309 388
312 261 338 305 C.
358 258 548 304 SUETONll
564 257 818 304 FRAGMENTA.

164 384 277 434 Fretum
289 388 433 449 angustum
446 381 526 447 quasi
537 379 644 431 fervens
658 395 746 444 mare,
761 385 793 431 ut
803 379 939 432 Siculum
951 387 969 434 el

165 456 333 508 Gaditanum
346 456 410 519 (Ms.
424 454 618 520 Gallitienum).
629 456 776 506 Aestnan'a
785 462 855 506 sunt
866 458 969 518 omnia,

163 547 212 600 per
223 547 293 598 quae
304 545 379 582 mare
389 531 510 581 vicissim
520 537 577 580 tum
590 529 696 581 accedit
706 529 772 593 (Ms.
784 528 901 596 occidit)
914 539 969 582 tum

160 607 274 658 recedit.
317 605 407 656 llltnm
432 605 544 673 proprie
565 619 639 657 mare
659 603 838 672 profundum.
886 603 969 656 Vade

162 681 228 744 (Ms.
239 683 336 749 vaga),
353 679 452 748 quibus
463 681 492 729 in
503 679 574 730 mari
584 685 676 747 potest
685 679 767 741 stari,
786 695 860 748 quae
871 679 969 748 Virgi-

161 755 216 806 lius
226 755 323 806 brevia
334 754 462 822 appellat,
476 769 546 822 quae
558 754 653 806 eadem
665 752 765 805 Graeci
774 752 890 819 βραχέα
928 755 968 807 Si·

160 833 211 880 lius
231 829 350 880 maiores
370 844 494 880 recessus
514 829 598 880 maris
620 828 760 892 dicuntur,
781 835 812 883 ut
832 828 966 896 Caspius,

160 903 303 968 Arabicus,
315 903 438 954 indicus:
459 904 578 954 maiores
590 909 680 955 nutem
692 903 795 972 anguli,
805 909 839 954 ut
848 903 966 956 Paesta-

159 994 224 1042 nus,
240 977 403 1042 Matrestae,
419 977 586 1045 Amyclanus
598 984 625 1028 et
635 977 739 1029 similes
749 979 866 1030 nomina
878 981 966 1030 maris

160 1052 297 1104 dixerunt.
335 1053 447 1104 Flustra
463 1059 552 1104 motus
568 1052 652 1104 nteris
668 1043 727 1104 sine
737 1059 903 1120 tempestate
914 1053 965 1105 llu-

161 1129 289 1179 ctuantis.
328 1126 448 1178 Naevius
457 1128 487 1178 in
497 1126 570 1178 bello
582 1127 703 1179 Poenico
716 1127 781 1190 (Me.
795 1127 924 1192 Pontico)
937 1130 965 1179 in

159 1202 340 1270 inscriptione
351 1202 427 1270 quod
438 1202 485 1266 ait,

235 1275 403 1328 Honerdriae
413 1275 541 1328 heredetas
552 1276 660 1330 stdiant
669 1277 821 1347 infitiaris,

160 1358 193 1404 ut
202 1353 227 1402 si
237 1351 340 1403 diceret
349 1351 379 1404 in
388 1353 442 1403 talc
452 1352 519 1421 (Mn.
531 1353 609 1416 sela).
647 1351 738 1406 Moles
754 1367 824 1420 quac
840 1353 969 1420 eminent

162 1433 190 1480 et
200 1432 366 1494 procurrunt
375 1428 454 1490 mari,
467 1427 500 1478 de
512 1427 611 1494 quibus
621 1425 759 1488 Pacuvius
773 1427 841 1491 (ms.
852 1423 969 1480 Faacu-'

163 1501 223 1566 litte)
237 1502 285 1565 ait,

199 1591 334 1627 —omnes
344 1573 458 1627 latebris
468 1575 586 1628 nullaene
596 1575 662 1628 indie
672 1575 809 1629 abstrusis
818 1576 898 1628 tinne.

163 1652 267 1702 Caecus
278 1649 376 1701 fluctus
387 1656 490 1714 tamen,
512 1653 627 1702 necdum
636 1657 729 1704 temen
741 1667 838 1717 canus,
860 1653 893 1704 de
904 1668 959 1722 quo

163 1727 226 1776 Atta
238 1725 303 1788 (Ms.
316 1728 390 1789 anta)
401 1726 431 1775 in
441 1731 538 1793 togata
550 1728 591 1779 sic
602 1727 653 1777 ait:

180 1828 217 1837 -
226 1827 264 1838 -
274 1797 373 1866 Populo
377 1799 481 1869 flectus
491 1817 581 1854 caecos
584 1799 699 1872 seiciunt
703 1817 754 1869 per
764 1800 920 1854 discerdiam
925 1820 939 1865 ‚-

161 1881 190 1926 et
201 1875 337 1942 Augustus
349 1876 400 1926 ait:
421 1891 468 1926 nos
477 1875 592 1928 venimus
603 1873 753 1942 Neapolim,
757 1874 846 1946 fluctu
856 1877 957 1944 quidem

162 1967 248 2002 caece.
269 1948 358 2014 Litus,
371 1951 503 2019 quicquid
514 1967 586 2020 aque
598 1952 721 2004 alluitur.
744 1950 858 2004 Flumen
869 1955 955 2004 omnis

104 2061 106 2066 -
161 2023 273 2088 humor,
291 2025 339 2091 qui
348 2025 392 2075 vel
402 2026 509 2077 modice
521 2026 589 2078 linit.
629 2027 750 2078 Torrens
761 2025 954 2097 fluvius,quia

163 2099 257 2166 pluvia
269 2100 378 2163 crescit,
396 2101 520 2152 siccitate
530 2102 672 2165 torrescit,
687 2100 781 2164 idest,
797 2103 905 2166 arescit,
921 2105 953 2155 de

163 2189 217 2240 quo
229 2173 366 2224 Pacuvius
378 2175 425 2239 ait,

236 2245 371 2299 Flcimmeo
381 2250 478 2316 capere
488 2258 590 2302 torrens
601 2250 692 2304 ἰόντα.
710 2278 748 2288 -
756 2277 795 2288 --

163 2323 242 2374 Ostia
253 2323 342 2374 exitus
353 2322 494 2375 fluminum
506 2327 534 2376 in
544 2341 628 2378 ntare.
664 2325 742 2376 Tolli
752 2341 880 2392 aquarum
890 2343 947 2394 pro·

162 2397 262 2460 iectus,
284 2397 379 2462 quales
390 2405 454 2450 sunt
463 2399 492 2450 in
502 2399 617 2464 Aniene,
634 2399 699 2464 (Ms.
712 2398 835 2464 ancienne)
846 2399 946 2453 llumine

162 2485 244 2536 quam
256 2471 374 2522 niaxime
385 2474 539 2540 praecipiti.

386 2677 387 2685 ,
453 2681 462 2686 ,
483 2662 664 2703 ...οχμω
