2026 3020
250 247 511 294 ocrsleNUs.
550 247 627 296 csl‘.
646 251 762 298 45-49.
874 251 907 303 79

103 371 264 426 Latinitate
274 373 318 424 vel
329 373 440 424 civitate
451 373 574 424 donavit.
613 372 672 426 Nec
687 379 742 438 est,
756 381 788 428 ut
798 377 905 446 opinor,

103 449 261 518 provincia,
273 453 388 516 excepta
398 448 631 500 duntaxatAlrica
642 453 669 500 et
675 447 813 516 Sardinia,
825 469 906 521 quam

104 541 163 578 non
176 525 285 574 adierit.
324 523 356 574 ln
370 522 433 588 has,
453 524 550 591 fugato
566 524 650 576 Sexto
661 523 808 592 Pompeio,
828 531 905 579 traii-

107 615 170 651 cere
185 613 219 650 ex
231 599 328 650 Sicilia
343 605 521 666 apparantem
537 601 684 651 continuae
699 607 726 651 et
740 603 905 655 immodicae

104 679 284 742 tempestates
295 671 486 736 inhibuenmt;
502 691 551 726 nec
562 691 627 726 mon
638 678 750 728 occasio
762 686 811 728 aut
821 694 906 730 causa

105 749 337 801 traiidendiluit.
786 764 788 772 ’

162 823 288 874 XLVlll.
309 823 416 891 Regna,
443 826 541 890 quibus
560 825 628 876 belli
647 827 706 877 iure
726 829 832 894 potitus
853 837 902 893 est,

105 905 330 968 praeterpauca‚
347 907 395 950 aut
404 900 515 963 iisdem,
532 901 631 967 quibus
645 902 796 967 ademerat,
812 905 903 956 reddi-

107 975 162 1038 dit,
179 979 228 1024 aut
242 974 403 1041 alienigenis
420 975 579 1025 contribuit.
618 975 706 1042 Reges
717 979 809 1028 socios
820 980 903 1029 etiam

105 1049 179 1100 inter
208 1049 370 1116 semetipsos
399 1049 648 1100 necessitudinibus
678 1051 769 1100 iunxit
792 1054 903 1116 mutuis,

105 1125 330 1192 promptissimus
351 1124 493 1174 affinitatis
514 1123 645 1190 citiusque
664 1130 745 1191 atque
765 1126 903 1177 amicitiae

107 1199 275 1250 conciliator
295 1204 323 1249 et
341 1197 447 1260 laut0r3
476 1214 527 1250 nec
548 1199 629 1249 aliter
643 1199 799 1263 universos,
821 1215 901 1267 quam

106 1274 230 1325 membra
241 1279 387 1341 partesque
399 1275 521 1341 imperii,
543 1289 625 1324 curae
639 1271 748 1338 habuit,
769 1280 902 1329 rectorem

107 1364 219 1415 quoque
229 1349 329 1399 solitus
340 1364 477 1416 apponere
494 1353 583 1399 aetate
593 1349 686 1415 parvis
703 1358 751 1400 aut
765 1357 853 1402 mente
864 1351 902 1400 la-

104 1423 178 1491 psis,
191 1423 279 1474 donec
290 1423 478 1474 adolescerent
489 1428 537 1475 aut
546 1425 749 1491 resipiscerent:
770 1441 803 1476 ac
817 1426 901 1492 pluri-

104 1513 213 1550 morum
225 1497 328 1549 liberos
339 1503 366 1549 et
375 1499 502 1550 educavit
511 1497 593 1548 simul
605 1515 665 1549 cum
674 1500 730 1549 suis
738 1505 763 1550 et
771 1501 900 1551 instituit.

53 1626 56 1633 ,
161 1571 262 1623 XLIX.
283 1570 326 1622 Ex
339 1573 505 1624 militaribus
521 1573 609 1640 copiis
624 1573 747 1640 legiones
759 1580 786 1624 et
797 1575 902 1624 auxilia

105 1647 303 1716 provinciatim
315 1645 468 1698 distribuit:
489 1648 604 1699 classem
614 1647 728 1711 Miseni,
745 1655 772 1699 et
787 1648 900 1699 alteram

103 1721 266 1785 Ravennae,
289 1721 324 1772 ad
334 1721 447 1773 tutelam
459 1724 551 1789 superi
562 1729 589 1773 et
598 1722 680 1774 inleri
695 1723 793 1788 maris,
815 1723 900 1774 eollo-

105 1798 188 1849 cavit.
229 1797 338 1848 Certum
347 1813 489 1848 numerum
499 1798 600 1863 partim
610 1798 639 1847 in
650 1797 744 1861 Urbis,
760 1799 861 1864 partim
872 1799 901 1848 in

103 1874 150 1924 sui
174 1871 328 1924 custodiam
353 1869 461 1938 allegit3
495 1871 609 1921 dimissa
629 1871 901 1937 Calagurritanorum

104 1963 197 2012 manu,
210 1961 388 2014 quantusque
400 1945 435 1995 ad
446 1945 583 1995 devictum
589 1945 745 2007 Antonium,
757 1947 822 1996 item
834 1945 901 1996 Ger-

103 2037 262 2085 manorum,
285 2037 366 2089 quam
376 2035 463 2088 usque
479 2019 513 2070 ad
530 2017 635 2069 cladem
645 2017 810 2082 Varianam,
831 2020 903 2070 inter

106 2098 259 2165 armigeros
271 2097 345 2150 circa
355 2113 384 2147 se
395 2093 537 2147 habuerat.
575 2093 671 2161 Neque
680 2099 772 2144 tamen
781 2109 901 2163 unquam

104 2172 198 2242 plures
214 2185 296 2239 quam
309 2177 365 2222 tres
381 2168 509 2222 cohortes
523 2171 552 2220 in
567 2169 639 2220 Urbe
654 2185 713 2220 esse
732 2184 830 2237 passus
851 2175 900 2233 est,

104 2263 207 2315 easque
222 2247 281 2296 sine
297 2245 407 2296 castris:
432 2245 553 2312 reliquas
571 2245 601 2295 in
615 2244 729 2296 hiberna
749 2252 776 2297 et
796 2247 901 2297 aestiva

104 2321 180 2374 circa
191 2321 309 2372 finitima
320 2320 423 2387 oppida
438 2320 574 2372 dimittere
589 2326 722 2372 assuerat.
761 2319 900 2386 Quicquid

103 2403 195 2448 autem
207 2395 309 2462 ubique
319 2395 436 2445 militum
449 2401 528 2458 esset,
540 2395 575 2445 ad
587 2402 688 2446 certam
700 2394 900 2460 stipendiorum

100 2472 344 2539 praemiorumque
362 2467 510 2520 formulam
535 2471 675 2531 astrinxit3
706 2467 825 2518 delinitis
849 2481 898 2532 pro

101 2545 192 2614 gradu
207 2545 339 2612 cuiusque
354 2550 380 2595 et
394 2541 564 2608 temporibus
578 2542 695 2594 militiae
710 2547 737 2592 et
748 2541 899 2591 commodis

101 2621 280 2682 missionum,
302 2635 335 2670 ne
346 2625 394 2668 alit
404 2622 493 2668 aetate
504 2624 552 2668 aut
561 2619 658 2684 inopia
668 2621 732 2682 post
741 2615 898 2665 missionem

101 2695 254 2750 sollicitari
265 2691 299 2744 ad
309 2710 353 2745 res
363 2707 450 2744 novas
459 2698 580 2758 possent.
619 2691 709 2757 thue
724 2695 855 2756 perpetuo
868 2705 900 2739 ac

101 2773 161 2824 sine
177 2769 340 2822 difficultate
355 2772 478 2834 sumptus
494 2766 528 2816 ad
542 2766 660 2817 tuendos
676 2780 723 2817 eos
734 2779 899 2834 prosequen-
