2036 3022
322 251 433 301 nano.
452 255 454 260 ’
472 255 550 304 cnr.
568 258 684 305 sa-sr.
854 241 906 307 iii

105 377 280 432 sonlniarum
294 385 322 429 et
336 378 523 448 auspiciorum
538 388 566 432 et
580 382 714 446 ominum,
734 387 793 433 tum
808 384 905 434 veteri·

104 455 172 516 bus,
185 459 242 504 taam
254 454 345 505 novis.
382 454 534 523 Nunquam¹
545 463 626 508 antea
641 456 781 508 somniare
795 455 904 520 solitus,

70 537 79 550 ‘
107 529 203 580 occisa
218 528 325 580 demum
339 537 425 582 matre
439 531 511 583 vidit
524 545 574 599 per
587 531 718 600 quietem,
739 548 836 583 navem
852 532 907 581 sibi

106 604 215 670 regenti
225 609 361 655 extortum
371 606 599 672 gubernaculum,
610 603 738 674 trahique
748 623 778 658 se
783 607 818 658 ab
825 605 906 657 Octa-

106 679 156 732 via
169 693 256 730 uxore
271 679 300 730 in
315 679 471 730 artissimas
482 683 622 746 tenebras,
643 687 671 734 et
681 682 764 734 modo
775 687 906 750 pennata-

106 769 168 806 rum
180 752 358 804 formicarum
369 755 545 808 mrdtitndine
559 756 679 824 oppleri,
699 757 783 809 modo
796 773 813 807 a
824 757 906 807 simu-

106 828 194 880 lacris
213 828 334 895 gentium
355 828 390 878 ad
410 828 537 896 Pompeii
555 829 692 882 theatrum
717 832 906 884 dedicatarum

109 903 251 954 circumiri
276 903 418 970 arcerique
441 919 603 971 progressu3
632 906 824 973 Asturconem,
851 922 906 974 quo

107 977 229 1030 maxime
239 977 407 1042 laetabatur,
428 979 583 1045 posteriore
599 981 724 1046 corporis
738 988 817 1048 parte
830 983 860 1031 in
871 981 909 1030 si-

109 1052 184 1105 miae
194 1053 313 1120 speeiem
323 1053 562 1120 transfiguratum,
579 1069 612 1104 ac
620 1060 727 1105 tantum
738 1057 830 1122 capite
838 1055 907 1105 inte·
946 1078 950 1092 ν

107 1143 161 1196 gro
177 1125 299 1180 hinnitus
314 1127 393 1179 edere
409 1143 536 1180 canoros.
575 1127 618 1180 De
628 1119 788 1194 Mausoleo,
809 1135 910 1196 sponte

107 1203 218 1255 loribus
237 1201 396 1271 patefactis,
417 1203 548 1255 exaudita
567 1219 622 1255 vox
641 1211 695 1269 est,
716 1206 826 1256 nomine
846 1219 908 1255 eum

109 1279 219 1332 cientis
256 1277 390 1329 Kalendis
406 1278 544 1329 ianuariis
557 1279 685 1330 exornati
698 1278 786 1331 Lares
801 1281 830 1330 in
845 1279 909 1344 ipso

109 1352 243 1405 sacrificii
259 1358 395 1420 apparatu
405 1353 592 1405 conciderunt.
630 1354 792 1421 Auspicanti
803 1354 908 1421 Sporus

109 1427 243 1480 annulum
263 1428 370 1479 muneri
390 1428 504 1494 obtulit,
526 1429 604 1480 carius
623 1443 747 1496 gemmae
767 1429 909 1498 sculptura

109 1510 172 1556 erat
193 1501 369 1570 Proserpinae
392 1512 494 1570 raptus.
532 1502 670 1556 Votorum
693 1505 907 1571 nuncupatione,

107 1593 212 1646 magna
221 1579 278 1630 iam
289 1577 415 1630 ordinum
425 1578 592 1648 frequentia,
602 1579 650 1630 vix
660 1585 786 1648 repertae
796 1574 909 1644 Capito-

107 1654 143 1706 lii
153 1653 254 1706 claves.
294 1653 383 1713 Quum
394 1668 428 1705 ex
439 1655 566 1706 cretione
576 1656 649 1718 eius,
661 1669 715 1722 que
725 1656 754 1707 in
764 1649 913 1706 Vindicem

107 1727 274 1797 perorabat,
287 1728 608 1794 recitareturinsenatu,
630 1729 910 1798 daturorpeenasrce·

108 1807 219 1866 lerator,
240 1819 274 1854 ac
284 1801 475 1871 dresidtgnam
486 1803 585 1854 exitum
591 1803 732 1874 facturos,
753 1805 910 1856 conclama·

108 1886 168 1930 urm
180 1884 224 1930 est
232 1878 267 1929 ab
277 1878 426 1930 universis:
450 1875 594 1948 iirfarier,
605 1877 735 1946 Auguste.
775 1878 909 1930 Observa·

108 1961 168 2005 mun
179 1953 262 2006 etiem
273 1952 377 2017 inerat,
387 1952 569 2004 novissimam*
576 1952 700 2003 fabulam
712 1959 838 2005 cantasse
848 1966 908 2004 eum

109 2029 221 2099 publice
229 2023 804 2095 Oedipodemexsulem,atqneiuhocdesisse
814 2041 912 2080 versus

207 2097 335 2159 &arrirn'
347 2097 429 2164 drpys
439 2097 578 2164 σύγγαμος,
588 2098 685 2168 μήτηρ,
696 2098 795 2169 πατήρ.

167 2176 281 2229 XLVll.
302 2176 441 2228 Nunciata
454 2178 565 2230 interim
571 2168 659 2233 *etism
671 2185 822 2230 ceterorum
834 2193 909 2230 exer-

111 2255 215 2306 cituum
237 2251 403 2316 deiectione,
426 2252 522 2304 literas
542 2254 688 2319 prandenti
712 2254 767 2305 sibi
786 2255 911 2305 redditas

110 2327 276 2394 concerpsit,
288 2341 408 2379 mensam
420 2328 561 2392 subvertit,
574 2330 643 2380 duos
655 2327 774 2396 scyphos
785 2329 910 2395 gratissi-

109 2405 149 2456 mi
158 2418 240 2466 usus,
262 2417 331 2470 quos
342 2401 519 2454 Homericae
534 2405 674 2455 caelatura
689 2403 839 2454 carminum
851 2401 925 2453 How

109 2479 181 2530 meri
189 2478 322 2541 vocabat,
343 2476 404 2528 solo
415 2476 510 2541 illisit,
532 2492 565 2529 ac
580 2484 688 2545 sumpto
706 2476 909 2530 aLoeustave-

110 2570 192 2618 neno,
204 2558 232 2605 ct
240 2554 270 2604 in
281 2567 393 2604 auream
402 2551 533 2619 pyxidem
544 2553 670 2616 condito,
686 2551 797 2602 translit
806 2552 835 2602 in
846 2549 911 2604 hor·

111 2634 157 2680 tos
171 2628 355 2682 Servilianos:
375 2626 438 2690 ubl,
458 2628 618 2694 praemissis
632 2627 794 2677 libertorum
809 2626 910 2678 fidissi·

11 2754 15 2763 ,
110 2705 164 2756 mis
176 2703 292 2768 Ostiam,
305 2703 339 2754 ad
352 2702 466 2754 classem
477 2701 838 2770 praeparandam,tribunos
849 2717 909 2754 cen·

111 2779 290 2847 tutioresque
310 2777 444 2848 praetorii
463 2777 497 2830 de
521 2775 603 2848 fugae
628 2775 762 2830 societate
784 2778 909 2830 tentavit.

148 2873 293 2922 sueres.
682 2871 703 2920 a
895 2901 1015 2986 ·
