2026 3020
127 233 159 290 so
400 233 427 285 a.
455 233 642 286 sossensi

127 379 195 428 tina,
218 363 298 431 quasi
308 364 400 430 priore
411 361 506 414 habita
516 362 636 430 procli03
658 361 921 432 alterspostcsiora:

129 455 184 505 quo
200 439 311 490 Asinius
325 437 417 490 Pollio
438 453 472 488 ne
491 443 598 504 tempus
613 437 722 505 quidem
738 439 924 492 concionandi

128 511 257 566 habuisse
268 529 329 564 oum
341 513 416 577 dicit,
428 512 520 582 subita
531 510 651 564 hostium
661 513 828 566 incursione.

185 587 256 640 LVl.
276 587 399 654 Reliquit
418 592 445 638 et
464 602 554 638 renim
569 603 680 640 suanus
699 591 921 655 commentarios,

130 663 233 714 Gallici
254 662 396 729 civilisque
420 662 487 712 belli
504 662 675 730 Pompeiani.
714 665 785 716 Nam
806 667 921 717 Alexan-

129 739 203 788 drini
216 736 355 804 Africique
369 742 398 788 ct
410 737 604 804 Hispaniensis
618 741 738 791 incestus
759 746 857 792 suctos
872 747 921 792 est.
1008 799 1009 806 ἵ

128 813 183 863 Alii
194 813 311 878 Oppium
322 817 431 879 putant,
448 813 498 864 alii
509 813 642 864 Hirtium:
663 817 711 882 qui
725 815 807 868 stiam
820 815 921 866 Gallici
1008 861 1009 878 ,

128 887 196 938 belli
209 887 388 938 novissimum
403 887 645 956 imperfectumque
665 891 765 941 libnsm
780 891 922 959 suppleve-

128 963 173 1014 rit.
212 961 255 1014 De
266 963 469 1014 commentariis
480 963 576 1014 Cicero
591 965 620 1015 in
635 963 731 1016 eodem
746 965 818 1016 libro
830 966 872 1016 sic
881 981 922 1016 re·

129 1037 195 1088 lert:
217 1036 423 1089 Commentarios
433 1037 549 1106 sempsit,
564 1039 637 1090 ualde
648 1040 749 1106 quidem
756 1040 922 1107 probandos:

128 1113 194 1165 nudi
203 1122 271 1176 snat,
283 1113 350 1165 recti
360 1122 386 1163 ct
394 1114 507 1176 tenura,
530 1113 601 1165 amni
614 1123 710 1167 ornatu
724 1114 853 1166 crumenis
863 1123 922 1166 tan·

131 1205 208 1255 quam
222 1198 290 1240 ceste
305 1189 438 1240 detracta:
457 1189 503 1238 scd
515 1189 576 1240 duaa
586 1189 678 1252 ualuit,
694 1189 759 1242 alios
769 1189 922 1256 lalerepa·

129 1273 202 1326 rato,
224 1264 291 1314 rande
305 1271 446 1325 sumerent,
469 1262 515 1328 qssi
532 1264 625 1316 uellent
642 1264 755 1316 acciacae
773 1263 921 1326 historiam,

130 1338 223 1404 ineptis
232 1337 547 1410 ffatunafartasscsccit,
560 1335 607 1404 qui
614 1339 660 1390 illa
670 1341 755 1391 nolent
763 1339 923 1392 calamistris

129 1413 246 1477 inurere,
268 1429 344 1464 sanos
359 1412 461 1478 quidesse
474 1411 591 1465 domines
605 1429 622 1464 a
638 1413 772 1466 scribendo
784 1414 921 1466 deterruit.

129 1487 171 1538 De
181 1487 280 1538 iisdem
291 1489 494 1538 commentariis
505 1488 615 1540 Hirtius
623 1489 664 1540 iia
674 1490 829 1556 praedicat:
849 1491 923 1540 Adeo

125 1563 274 1630 probantur
284 1562 398 1614 oannium
408 1561 505 1614 iudicio
511 1599 519 1625 ‚
530 1573 717 1632 utprccrepta‚
730 1579 782 1616 non
787 1565 921 1632 praedita,

123 1638 244 1710 facultas
254 1637 424 1704 scriptionibus
434 1637 562 1689 uideatur.
598 1638 678 1690 Gaias
690 1649 777 1691 tame-n
787 1639 828 1690 rei
837 1639 923 1690 ancias

128 1723 227 1776 nonna,
240 1728 318 1779 quasa
328 1712 495 1778 reliquorum,
507 1722 547 1764 est
555 1713 704 1766 admiratio.
746 1714 836 1766 caten
845 1714 921 1776 cuius,

130 1803 207 1854 quam
219 1789 280 1839 lenc
290 1796 369 1854 atquc
384 1788 529 1850 emendate,
544 1805 590 1840 aes
601 1789 689 1852 caum,
701 1789 871 1860 quamsacilc
882 1798 922 1840 al-

130 1877 179 1929 que
197 1861 315 1914 celeriter
330 1878 371 1913 cas
387 1862 583 1930 perscripserit,
605 1863 707 1916 scitans.
751 1864 844 1916 l’ollio
863 1865 922 1914 lisi-

129 1938 190 1988 nius
201 1953 297 2005 parum
309 1938 454 2005 diligenter
462 1940 922 2007 paratasqueintegraveritatecom-

129 2015 236 2080 positos
250 2019 341 2081 putat,
364 2027 445 2082 quum
463 2015 566 2064 (laesas
579 2014 721 2082 pleraque,
743 2021 771 2066 et
785 2029 856 2082 quac
874 2029 924 2082 per
1008 2039 1009 2052 a

130 2089 200 2140 alios
212 2094 290 2139 erant
299 2095 388 2155 gesta,
403 2096 505 2140 temere
517 2089 675 2154 crediderit,
691 2090 813 2158 et,'qu'ae
822 2097 873 2156 p'er
884 2105 922 2153 sc,
1008 2107 1009 2124 ¹

128 2164 172 2213 vel
193 2163 319 2214 consulto
339 2164 383 2213 vel
403 2164 484 2214 etiam
503 2164 636 2214 memoria
651 2164 757 2232 lapsus,
778 2178 921 2232 perperam
1008 2193 1009 2204 κ

129 2237 258 2286 ediderit:
280 2239 471 2303 existimatque
486 2239 682 2304 rescripturum
697 2246 724 2290 et
735 2247 921 2292 correcturum

128 2311 222 2362 sitisse.
261 2310 383 2378 Reliquit
393 2316 420 2362 et
430 2312 461 2362 dc
471 2311 604 2380 decalogis
614 2314 701 2366 libros
712 2314 794 2378 dnos,
807 2324 835 2365 ct
844 2315 921 2365 morl·

129 2395 234 2438 catones
244 2385 372 2449 totidem,
389 2401 422 2437 ac
432 2393 574 2453 praetcrea
584 2393 696 2454 poema,
709 2390 783 2457 qnod
792 2391 921 2442 inscribi·
1008 2393 1009 2444 l

127 2469 173 2513 tur
183 2461 247 2514 lter.
288 2462 411 2522 Quorum
426 2462 558 2512 librorum
578 2465 683 2530 primos
703 2464 732 2515 in
745 2465 866 2516 transitu
877 2464 921 2513 Al·
1008 2509 1009 2518 n

128 2539 217 2604 pium,
239 2551 320 2605 quum
333 2551 365 2587 ex
381 2537 508 2588 citeriore
520 2536 626 2602 Gallia,
648 2539 827 2591 conventibus
842 2553 921 2606 pera·
1008 2607 1009 2610 Ἴ

130 2612 193 2676 ctis,
214 2612 250 2662 ad
270 2611 419 2664 exercitius
439 2611 553 2675 rediret3
578 2618 721 2682 sequentes
742 2616 792 2666 suls
813 2618 921 2681 ternpus
1008 2625 1009 2668 l

127 2687 287 2739 Msrndensis
298 2687 486 2756 proeliifecit3
509 2689 701 2754 novissimum,
718 2691 782 2765 dum
797 2690 832 2740 ab
847 2691 922 2742 Urbe

127 2761 156 2814 in
166 2763 330 2830 Hispaniam
341 2764 499 2818 ulteriorem
511 2769 608 2832 quarto
620 2771 648 2818 et
656 2766 788 2820 vicesimo
805 2765 850 2818 die
860 2773 922 2834 per-
