2050 3034
317 236 505 286 TIBERIUS.
542 243 619 287 CAP.
638 247 720 288 t—t.
860 250 911 298 117

108 353 253 420 navigium
266 354 334 406 clam
346 365 482 424 petentes,
498 364 594 430 vagitu
604 380 654 416 suo
666 381 753 432 paene
763 369 806 424 his
817 374 909 437 prodi-

108 427 163 488 dit;
184 429 271 479 semel
286 445 368 497 quum
384 437 529 488 anutricis
543 439 640 503 ubere,
660 441 773 505 iterum,
796 459 877 510 quum
894 464 911 498 a

106 503 170 551 sinu
181 503 280 554 matris
290 507 391 573 raptim
403 509 557 563 auferretur
568 514 602 565 ab
613 515 658 579 iis,
671 517 720 583 qui
730 532 779 584 pro
791 523 909 572 necessi·

104 581 163 626 tate
184 580 319 645 temporis
339 582 517 637 mulierculas
538 588 629 641 levare
650 607 733 642 onere
753 595 906 647 tentabant.

104 649 159 700 Per
173 649 301 704 Siciliam
318 670 427 723 quoque
447 666 475 710 et
487 661 620 715 Achaiam
636 665 851 734 circumductus,
874 685 907 722 aa

102 722 337 780 Lacedaemoniis
351 732 474 799 publice,
495 739 570 804 quod
583 739 612 790 iu
627 741 714 792 tutela
725 743 905 796 Claudiorum

102 806 191 864 erant,
204 801 396 870 demandatus,
408 807 564 876 digrediens
574 815 638 866 inde
648 816 746 868 itinere
757 824 904 884 nocturno,

102 873 253 927 discrimen
263 879 338 931 vitae
350 879 431 947 adiit,
453 880 563 937 flamma
577 897 688 956 repente
703 907 717 942 e
732 893 810 945 silvis
824 895 907 946 aridi--

102 963 155 1014 que
166 958 274 1015 exorta,
282 954 407 1024 adeoque
418 973 524 1011 onmem
537 964 698 1015 comitatum
709 967 903 1037 circumplexa,

100 1033 131 1074 ut
141 1023 242 1077 Liviae
258 1043 323 1093 pars
337 1032 421 1083 vestis
435 1040 463 1085 ct
478 1035 573 1102 capilli
588 1039 803 1092 amburerentur.
842 1043 904 1093 Mu·
995 1059 1001 1066 ·

100 1112 179 1162 uera,
203 1100 305 1167 quibus
320 1104 493 1174 aPompeia‚
516 1109 593 1162 Sexti
601 1111 729 1180 Pompeii
743 1129 853 1179 sorore,
874 1118 904 1168 in

99 1171 199 1224 Sicilia
220 1175 341 1229 donatus
355 1187 409 1245 est,
431 1181 554 1252 chlamys
570 1191 597 1238 et
610 1187 708 1252 fibula,
729 1189 796 1241 item
810 1190 903 1243 bullae

99 1261 215 1313 aureae,
237 1250 340 1304 durant
354 1257 587 1329 ostendunturque
602 1260 692 1314 adhuc
706 1263 795 1316 Baiis.
834 1265 903 1317 Post

97 1321 218 1374 reditum
233 1325 264 1376 in
279 1327 380 1380 Urbem
396 1345 412 1380 a
425 1332 465 1383 M.
482 1333 576 1387 Gallio
593 1343 721 1390 senatore
735 1345 900 1392 testamento

98 1396 264 1464 adoptatus,
285 1398 437 1458 hereditate
449 1407 537 1474 adita,
559 1414 745 1466 moxnomine
756 1415 899 1480 abstinuit,

98 1472 175 1536 quod
190 1471 300 1526 Gallius
320 1478 496 1533 adversarum
515 1484 639 1552 llugtrsto
659 1489 779 1554 partium
799 1489 899 1542 iuerat.

100 1543 206 1596 Novem
221 1555 304 1600 natus
319 1567 406 1606 annos
427 1556 584 1611 defunctum
602 1565 709 1626 patrem
729 1577 779 1628 pro
802 1565 900 1614 rostris

98 1619 233 1674 laudavit.
272 1623 381 1679 Dehinc
391 1631 551 1698 pubescens,
562 1635 676 1686 Actiaco
687 1633 827 1705 triumpho
841 1652 900 1688 cur-

97 1709 158 1745 rnm
172 1697 292 1765 Augusti
307 1703 455 1757 comitatus
470 1714 512 1758 est
526 1710 698 1761 sinisteriore
712 1710 802 1761 funali
818 1727 898 1778 equo,

96 1785 181 1836 quum
192 1771 357 1841 Marcellus,
373 1779 506 1831 Octaviae
517 1783 603 1846 illius,
626 1783 780 1836 dexteriore
789 1783 900 1837 vehere-

93 1851 148 1895 tur.
189 1846 336 1903 Praesedit
350 1860 378 1904 et
386 1854 508 1905 Actiacis
522 1855 596 1906 ludis
610 1862 638 1907 et
647 1858 779 1908 Troianis
791 1859 900 1908 Circen-

93 1920 181 1984 sibus,
194 1922 294 1976 ductor
303 1932 411 1980 numae
421 1943 570 1996 puerorum
581 1930 728 1980 maiorum.

151 1994 212 2046 Vll.
234 1996 319 2052 Virili
331 2007 400 2070 toga
414 2007 537 2070 sumpta,
559 2002 775 2054 adolescentiam
792 2016 900 2053 omnem

93 2071 271 2138 spatiumque
281 2075 452 2144 insequentis
464 2077 564 2129 aetatis
578 2091 667 2144 usque
683 2074 718 2127 ad
728 2075 901 2143 principatus

92 2144 176 2195 initia
190 2161 241 2213 per
255 2147 325 2200 hacc
339 2151 397 2203 iere
411 2153 556 2220 transegit.
595 2151 697 2202 Munus
712 2149 900 2217 gladiatorum

91 2217 121 2267 in
135 2223 300 2274 memoriam
316 2227 417 2293 patris,
438 2233 467 2278 et
480 2227 597 2278 alterum
612 2227 642 2276 in
658 2225 704 2275 avi
713 2225 800 2275 Drusi
815 2224 899 2289 dedit,

92 2291 212 2346 diversis
222 2301 396 2366 temporibus
408 2315 441 2352 ac
451 2301 536 2365 loeis,
547 2301 667 2367 primum
676 2299 706 2349 in
716 2297 793 2360 loro,
806 2312 900 2346 secun·

92 2366 157 2419 dum
173 2370 203 2420 in
220 2371 440 2440 amphitheatr03
461 2373 594 2424 rudior-iis
610 2386 719 2440 quoque
735 2367 900 2454 quibusdam

91 2446 232 2497 revocatis
253 2453 464 2501 auctoramento
486 2447 628 2498 centenam
649 2444 776 2528 millium.
816 2439 902 2490 Dedrt

92 2523 119 2568 et
129 2517 222 2584 ludos,
235 2523 285 2574 sed
297 2525 410 2585 absens3
433 2527 533 2573 cuncta
542 2517 698 2586 magnifiee,
709 2526 835 2596 ¹¹¹¹P0¹¹⁵i3
844 2525 902 2561 ’Μ’

91 2592 142 2643 tris
159 2609 193 2646 ac
207 2597 313 2648 vitrici.
351 2595 547 2665 Agfippinen„
567 2593 607 2642 Μ.
628 2587 751 2652 Agrippa
771 2587 900 2648 gennem,

91 2676 203 2737 neptem
216 2671 335 2724 Caecilii
345 2672 431 2722 Attici
442 2667 545 2735 equitis
555 2660 689 2720 Romani,
702 2657 737 2706 ad
749 2671 828 2723 quem
839 2663 903 2710 suni

92 2744 238 2797 Ciceronis
250 2747 396 2814 epistolae,
410 2742 491 2794 duxit
500 2753 628 2790 uxorem:
649 2731 814 2796 sublatoque
825 2743 858 2790 ex
869 2745 903 2781 0³²
979 2791 981 2794 .
