2036 3022
265 243 548 301 vasissrsuus.
585 250 765 300 esre-r,
865 243 915 306 aot

115 375 220 448 positis
238 377 334 446 itaque
357 379 515 432 nominibus
539 377 694 446 legatorum
719 377 915 443 consularium,

116 453 299 521 quotubique
309 459 476 519 munerant,
492 470 575 522 quum
587 459 705 518 ceteros,
718 454 803 506 alium
814 453 871 504 alia
882 454 915 505 de

116 543 212 592 causa,
223 528 419 596 improbarent,
431 531 580 597 etquidem
592 547 606 581 e
617 528 725 596 legione
736 529 832 593 tertia,
844 543 915 595 quae

116 604 169 655 sub
189 603 265 654 exitu
284 603 403 658 Neronis
422 606 558 656 translata
577 612 612 658 ex
632 604 716 672 Syria
734 605 764 654 in
777 603 913 655 Moesiam

115 678 222 742 fuerat,
246 677 447 746 Vespasianum
472 681 602 732 laudibus
625 678 741 742 ferrent3
773 694 914 730 assensere

116 753 223 816 cuncti,
243 769 396 822 nomenque
417 755 477 827 eius
496 756 605 808 vexillis
620 757 746 807 omnibus
762 755 821 808 sine
835 769 914 805 mora

115 829 325 895 inscripserunt.
363 828 400 879 Et
418 835 484 880 tunc
504 831 613 896 quidem
630 846 788 899 compressa
802 845 846 896 res
862 836 912 894 est,

116 904 256 956 revocatis
267 903 303 954 ad
314 904 434 956 officium
448 905 568 956 numeris
581 921 737 972 parumper.
778 905 913 976 Ceterum,

117 979 261 1045 divulgato
272 978 361 1043 facto,
378 979 507 1031 Tiberius
517 979 683 1044 Alexander,
698 979 853 1047 praelectus
862 980 913 1032 Ae·

115 1055 210 1122 gypti,
231 1055 335 1122 primus
349 1054 378 1106 in
396 1055 481 1108 verba
494 1053 659 1121 Vespasiani
678 1055 801 1121 legiones
822 1054 915 1120 adegit

12 1123 13 1128 ’
115 1129 252 1180 Kalendis
261 1127 338 1180 Iulii:
359 1129 408 1196 qui
421 1130 592 1197 principatus
607 1129 665 1180 dies
676 1129 854 1196 inposterum
867 1130 914 1181 ob-

12 1211 14 1274 }
116 1209 243 1256 servatus
254 1211 303 1256 est.
342 1203 471 1256 luduicus
487 1205 584 1258 deinde
599 1205 735 1256 exercitus
746 1203 779 1255 V.
791 1204 855 1255 ldus
871 1204 914 1255 lu-

13 1285 14 1296 *
116 1280 171 1330 lias
187 1279 261 1346 apud
273 1280 363 1346 ipsum
377 1279 488 1332 iuravit.
527 1279 679 1330 Plurimum
699 1280 804 1347 coeptis
820 1284 914 1330 contu-

12 1393 13 1396 ,
117 1354 221 1418 lemni,
241 1355 373 1406 iactatum
385 1355 524 1423 exemplar
535 1354 683 1422 epistolae,
703 1370 784 1406 verae
795 1355 852 1406 sive
862 1353 914 1405 lal-

116 1445 179 1494 sae,
197 1428 319 1480 defuncti
329 1427 446 1482 Othonis
457 1431 491 1480 ad
503 1429 716 1498 Vespasianum,
732 1435 854 1481 extrema
865 1430 913 1480 ob·

12 1497 13 1502 ¹
115 1504 266 1557 testatione
288 1505 422 1558 ultionem
445 1506 614 1570 mandantis,
639 1512 667 1558 et
689 1512 722 1555 ut
744 1505 913 1572 reipublicae

11 1635 12 1644 ,
116 1579 276 1632 subveniret
286 1582 420 1648 optantis:
441 1581 523 1632 simul
536 1597 632 1634 rumor
645 1581 808 1646 dissipatus,
830 1579 913 1631 desti-

115 1671 200 1708 nasse
213 1654 356 1707 Vitellium
371 1657 503 1708 victorem
518 1662 673 1726 permutare
693 1653 808 1706 hiberna
826 1654 913 1721 legio-

116 1747 193 1794 num,
204 1735 232 1782 et
242 1729 421 1782 Germanicas
434 1731 583 1784 transferre
597 1732 625 1782 in
638 1731 776 1805 Orieptem
790 1730 826 1780 ad
836 1745 913 1781 secu·

30 1825 34 1831 ·
116 1807 220 1858 riorem
230 1805 438 1873 mollioremque
449 1805 591 1856 militiam:
611 1812 754 1873 praeterea
765 1819 798 1856 ex
808 1804 914 1873 praesi-

117 1881 200 1932 dibus
210 1879 413 1948 proviuciarum
424 1877 550 1932 Licinius
559 1880 718 1943 Mucianus,
739 1885 767 1930 et
777 1895 791 1930 e
802 1879 912 1946 regibus

11 1955 12 1966 ³
117 1952 495 2022 VologesusParthus3ss1e,
518 1954 644 2021 deposita
657 1953 809 2018 simultate,
831 1969 913 2020 quam

11 2037 12 2042 ’
116 2031 146 2082 in
159 2029 191 2082 id
204 2036 310 2097 tempus
326 2045 358 2082 ex
374 2029 559 2083 aemulatione
577 2045 633 2082 non
654 2029 770 2081 obscure
790 2029 911 2094 gerebat,

117 2093 262 2194 Syriacum
278 2105 406 2172 promisit
419 2106 582 2168 exercitum3
602 2103 648 2156 hic
657 2103 717 2156 XL.
728 2103 819 2154 millia
829 2105 912 2171 sagit-

115 2187 387 2321 tngViTnirucepto
397 2255 483 2322 igitur
493 2254 666 2319 civilibello,
689 2255 855 2309 aedacibus
867 2270 912 2306 co·

116 2331 225 2398 piisque
239 2329 268 2381 in
283 2330 391 2381 ltaliam
406 2331 577 2397 praemissis,
597 2331 707 2382 interim
718 2329 911 2381 Alexandriam

115 2405 239 2467 transiit,
260 2411 292 2455 ut
306 2404 426 2456 'claustra
440 2405 559 2473 Aegypti
575 2405 719 2458 obtineret.
758 2404 814 2454 Hic
829 2419 912 2472 quum

116 2480 150 2532 de
160 2479 290 2531 firmitate
303 2480 414 2548 imperii
428 2487 557 2547 capturus
572 2481 738 2548 auspicium,
759 2479 854 2530 aedem
865 2478 911 2532 Se·

116 2554 232 2621 rapidis,
244 2556 386 2606 summotis
398 2555 538 2619 omnibus,
550 2554 626 2611 solus
635 2555 779 2618 intrasset,
792 2569 836 2618 ac,
848 2570 911 2623 pro·
1002 2609 1003 2618 ,

11 2663 12 2682 1
103 2630 218 2698 -pitiato
229 2629 342 2680 mirltum
354 2629 429 2695 Deo,
449 2631 558 2682 taudem
570 2647 599 2682 se
610 2629 802 2692 convertisset,
818 2630 911 2682 verbe-

11 2699 12 2706 ’
115 2720 166 2758 nas
178 2720 349 2772 coronasque
360 2713 387 2758 et
397 2706 535 2775 panificia,
547 2711 578 2756 ut
587 2705 647 2756 illic
657 2703 911 2769 assolet,Basilides

118 2777 261 2850 [libertru]
275 2781 407 2836 obtulisse
417 2783 528 2836 elvisus
539 2788 594 2846 est3
615 2797 694 2851 quem
708 2793 798 2848 neque
814 2783 902 2836 admi*

151 2874 295 2923 sunrou.
684 2873 707 2928 U
