<?xml version="1.0" encoding="UTF-8"?>
<!DOCTYPE html PUBLIC "-//W3C//DTD XHTML 1.0 Transitional//EN"
    "http://www.w3.org/TR/xhtml1/DTD/xhtml1-transitional.dtd">
<html xmlns="http://www.w3.org/1999/xhtml" xml:lang="en" lang="en">
 <head>
  <title>
</title>
<meta http-equiv="Content-Type" content="text/html;charset=utf-8" />
  <meta name='ocr-system' content='tesseract 3.04.00' />
  <meta name='ocr-capabilities' content='ocr_page ocr_carea ocr_par ocr_line ocrx_word'/>
</head>
<body>
  <div class='ocr_page' id='page_1' title='image "./csuetoniitranqu05suetgoog_0308.png"; bbox 0 0 2036 3022; ppageno 0'>
   <div class='ocr_carea' id='block_1_1' title="bbox 109 221 624 280">
    <p class='ocr_par' dir='ltr' id='par_1_1' title="bbox 109 221 624 280">
     <span class='ocr_line' id='line_1_1' title="bbox 109 221 624 280; baseline -0.008 -2"><span class='ocrx_word' id='word_1_1' title='bbox 109 221 158 280; x_wconf 74' lang='lat'>296</span> <span class='ocrx_word' id='word_1_2' title='bbox 385 228 411 275; x_wconf 90' lang='lat' dir='ltr'>e.</span> <span class='ocrx_word' id='word_1_3' title='bbox 436 225 624 277; x_wconf 82' lang='lat' dir='ltr'>suaronn</span> 
     </span>
    </p>
   </div>
   <div class='ocr_carea' id='block_1_2' title="bbox 24 351 908 422">
    <p class='ocr_par' dir='ltr' id='par_1_2' title="bbox 24 351 908 422">
     <span class='ocr_line' id='line_1_2' title="bbox 24 351 908 422; baseline -0.001 -16"><span class='ocrx_word' id='word_1_4' title='bbox 24 374 29 383; x_wconf 93' lang='lat'>·</span> <span class='ocrx_word' id='word_1_5' title='bbox 110 355 229 406; x_wconf 88' lang='lat' dir='ltr'>edictum</span> <span class='ocrx_word' id='word_1_6' title='bbox 245 369 336 418; x_wconf 92' lang='lat' dir='ltr'>suum,</span> <span class='ocrx_word' id='word_1_7' title='bbox 353 370 407 422; x_wconf 89' lang='lat' dir='ltr'>quo</span> <span class='ocrx_word' id='word_1_8' title='bbox 418 354 531 406; x_wconf 87' lang='lat' dir='ltr'>iubebat</span> <span class='ocrx_word' id='word_1_9' title='bbox 541 355 614 405; x_wconf 88' lang='lat' dir='ltr'>intra</span> <span class='ocrx_word' id='word_1_10' title='bbox 623 352 766 405; x_wconf 82' lang='lat' dir='ltr'><strong>Kalendas</strong></span> <span class='ocrx_word' id='word_1_11' title='bbox 778 351 908 405; x_wconf 83' lang='lat' dir='ltr'>Octobris</span> 
     </span>
    </p>
   </div>
   <div class='ocr_carea' id='block_1_3' title="bbox 105 427 923 1625">
    <p class='ocr_par' dir='ltr' id='par_1_3' title="bbox 111 427 908 498">
     <span class='ocr_line' id='line_1_3' title="bbox 111 427 908 498; baseline 0 -18"><span class='ocrx_word' id='word_1_12' title='bbox 111 429 182 481; x_wconf 84' lang='lat' dir='ltr'><strong>Urbe</strong></span> <span class='ocrx_word' id='word_1_13' title='bbox 193 429 328 498; x_wconf 78' lang='lat' dir='ltr'>Italiaque</span> <span class='ocrx_word' id='word_1_14' title='bbox 339 427 527 481; x_wconf 79' lang='lat' dir='ltr'>mathematici</span> <span class='ocrx_word' id='word_1_15' title='bbox 537 429 711 492; x_wconf 80' lang='lat' dir='ltr'>excederent,</span> <span class='ocrx_word' id='word_1_16' title='bbox 724 430 821 480; x_wconf 88' lang='lat' dir='ltr'>statim</span> <span class='ocrx_word' id='word_1_17' title='bbox 831 428 908 480; x_wconf 91' lang='lat' dir='ltr'>libel·</span> 
     </span>
    </p>

    <p class='ocr_par' dir='ltr' id='par_1_4' title="bbox 109 502 908 575">
     <span class='ocr_line' id='line_1_4' title="bbox 109 502 908 575; baseline 0.003 -21"><span class='ocrx_word' id='word_1_18' title='bbox 109 504 153 555; x_wconf 89' lang='lat' dir='ltr'>lus</span> <span class='ocrx_word' id='word_1_19' title='bbox 168 511 209 556; x_wconf 90' lang='lat' dir='ltr'>est</span> <span class='ocrx_word' id='word_1_20' title='bbox 223 505 395 575; x_wconf 87' lang='lat' dir='ltr'>prepositus,</span> <span class='ocrx_word' id='word_1_21' title='bbox 413 513 438 555; x_wconf 86' lang='lat' dir='ltr'>et</span> <span class='ocrx_word' id='word_1_22' title='bbox 453 503 598 556; x_wconf 76' lang='lat' dir='ltr'><em>Chaldaeos</em></span> <span class='ocrx_word' id='word_1_23' title='bbox 613 503 725 566; x_wconf 76' lang='lat' dir='ltr'>edicere,</span> <span class='ocrx_word' id='word_1_24' title='bbox 741 502 850 555; x_wconf 79' lang='lat' dir='ltr'>Bonam</span> <span class='ocrx_word' id='word_1_25' title='bbox 859 504 908 575; x_wconf 80' lang='lat' dir='ltr'>fc·</span> 
     </span>
    </p>

    <p class='ocr_par' dir='ltr' id='par_1_5' title="bbox 110 576 909 642">
     <span class='ocr_line' id='line_1_5' title="bbox 110 576 909 642; baseline 0 -12"><span class='ocrx_word' id='word_1_26' title='bbox 110 587 192 642; x_wconf 82' lang='lat' dir='ltr'>etum,</span> <span class='ocrx_word' id='word_1_27' title='bbox 205 596 236 630; x_wconf 82' lang='lat' dir='ltr'>ae</span> <span class='ocrx_word' id='word_1_28' title='bbox 252 577 371 630; x_wconf 75' lang='lat' dir='ltr'>Vitellius</span> <span class='ocrx_word' id='word_1_29' title='bbox 383 579 556 632; x_wconf 73' lang='lat' dir='ltr'>Germanicae</span> <span class='ocrx_word' id='word_1_30' title='bbox 569 579 643 630; x_wconf 83' lang='lat' dir='ltr'>intra</span> <span class='ocrx_word' id='word_1_31' title='bbox 653 579 762 630; x_wconf 80' lang='lat' dir='ltr'>eundem</span> <span class='ocrx_word' id='word_1_32' title='bbox 771 576 909 631; x_wconf 77' lang='lat' dir='ltr'>Kalenda-</span> 
     </span>
    </p>

    <p class='ocr_par' dir='ltr' id='par_1_6' title="bbox 109 653 910 721">
     <span class='ocr_line' id='line_1_6' title="bbox 109 653 910 721; baseline 0.002 -17"><span class='ocrx_word' id='word_1_33' title='bbox 109 669 168 706; x_wconf 78' lang='lat' dir='ltr'>rum</span> <span class='ocrx_word' id='word_1_34' title='bbox 179 653 246 706; x_wconf 83' lang='lat' dir='ltr'>diem</span> <span class='ocrx_word' id='word_1_35' title='bbox 256 669 365 720; x_wconf 80' lang='lat' dir='ltr'>usquam</span> <span class='ocrx_word' id='word_1_36' title='bbox 376 663 449 705; x_wconf 86' lang='lat' dir='ltr'>esset.</span> <span class='ocrx_word' id='word_1_37' title='bbox 475 654 623 721; x_wconf 82' lang='lat' dir='ltr'>Suspectus</span> <span class='ocrx_word' id='word_1_38' title='bbox 634 659 661 706; x_wconf 86' lang='lat' dir='ltr'>et</span> <span class='ocrx_word' id='word_1_39' title='bbox 670 654 700 704; x_wconf 90' lang='lat' dir='ltr'>in</span> <span class='ocrx_word' id='word_1_40' title='bbox 710 660 801 706; x_wconf 89' lang='lat' dir='ltr'>morte</span> <span class='ocrx_word' id='word_1_41' title='bbox 813 656 910 706; x_wconf 85' lang='lat' dir='ltr'>matris</span> 
     </span>
    </p>

    <p class='ocr_par' dir='ltr' id='par_1_7' title="bbox 108 727 909 798">
     <span class='ocr_line' id='line_1_7' title="bbox 108 727 909 798; baseline 0.001 -19"><span class='ocrx_word' id='word_1_42' title='bbox 108 728 173 794; x_wconf 81' lang='lat' dir='ltr'>fuit,</span> <span class='ocrx_word' id='word_1_43' title='bbox 186 729 266 798; x_wconf 83' lang='lat' dir='ltr'><strong>quasi</strong></span> <span class='ocrx_word' id='word_1_44' title='bbox 281 744 379 796; x_wconf 81' lang='lat' dir='ltr'>aegrae</span> <span class='ocrx_word' id='word_1_45' title='bbox 393 730 521 794; x_wconf 89' lang='lat' dir='ltr'>praeberi</span> <span class='ocrx_word' id='word_1_46' title='bbox 532 730 622 780; x_wconf 87' lang='lat' dir='ltr'>eibum</span> <span class='ocrx_word' id='word_1_47' title='bbox 632 727 842 797; x_wconf 85' lang='lat' dir='ltr'>prohibuisset;</span> <span class='ocrx_word' id='word_1_48' title='bbox 862 746 909 780; x_wconf 86' lang='lat' dir='ltr'>va-</span> 
     </span>
    </p>

    <p class='ocr_par' dir='ltr' id='par_1_8' title="bbox 107 802 908 872">
     <span class='ocr_line' id='line_1_8' title="bbox 107 802 908 872; baseline 0.004 -19"><span class='ocrx_word' id='word_1_49' title='bbox 107 803 240 855; x_wconf 88' lang='lat' dir='ltr'>ticinante</span> <span class='ocrx_word' id='word_1_50' title='bbox 252 802 333 854; x_wconf 70' lang='lat' dir='ltr'>(latta</span> <span class='ocrx_word' id='word_1_51' title='bbox 344 804 470 868; x_wconf 87' lang='lat' dir='ltr'>muliere,</span> <span class='ocrx_word' id='word_1_52' title='bbox 481 805 524 855; x_wconf 90' lang='lat' dir='ltr'>cni</span> <span class='ocrx_word' id='word_1_53' title='bbox 535 804 611 858; x_wconf 82' lang='lat' dir='ltr'>velut</span> <span class='ocrx_word' id='word_1_54' title='bbox 621 803 735 856; x_wconf 87' lang='lat' dir='ltr'>oraculo</span> <span class='ocrx_word' id='word_1_55' title='bbox 747 804 908 872; x_wconf 80' lang='lat' dir='ltr'>acquiesce-</span> 
     </span>
    </p>

    <p class='ocr_par' dir='ltr' id='par_1_9' title="bbox 107 875 911 1023">
     <span class='ocr_line' id='line_1_9' title="bbox 107 875 911 948; baseline 0.004 -21"><span class='ocrx_word' id='word_1_56' title='bbox 107 877 168 941; x_wconf 85' lang='lat' dir='ltr'>bat,</span> <span class='ocrx_word' id='word_1_57' title='bbox 180 877 219 928; x_wconf 84' lang='lat' dir='ltr'>ita</span> <span class='ocrx_word' id='word_1_58' title='bbox 230 878 332 930; x_wconf 81' lang='lat' dir='ltr'>demum</span> <span class='ocrx_word' id='word_1_59' title='bbox 335 877 456 948; x_wconf 83' lang='lat' dir='ltr'>firmiter</span> <span class='ocrx_word' id='word_1_60' title='bbox 466 895 498 931; x_wconf 84' lang='lat' dir='ltr'>ac</span> <span class='ocrx_word' id='word_1_61' title='bbox 508 877 653 930; x_wconf 70' lang='lat' dir='ltr'>diutissime</span> <span class='ocrx_word' id='word_1_62' title='bbox 662 875 857 946; x_wconf 74' lang='lat' dir='ltr'>impercussum</span> <span class='ocrx_word' id='word_1_63' title='bbox 861 917 870 942; x_wconf 92' lang='lat'>,</span> <span class='ocrx_word' id='word_1_64' title='bbox 887 879 911 930; x_wconf 83' lang='lat' dir='ltr'>si</span> 
     </span>
     <span class='ocr_line' id='line_1_10' title="bbox 108 953 908 1023; baseline 0.003 -19"><span class='ocrx_word' id='word_1_65' title='bbox 108 962 236 1020; x_wconf 81' lang='lat' dir='ltr'>superstes</span> <span class='ocrx_word' id='word_1_66' title='bbox 242 953 353 1021; x_wconf 77' lang='lat' dir='ltr'>parent-i</span> <span class='ocrx_word' id='word_1_67' title='bbox 361 953 510 1006; x_wconf 82' lang='lat' dir='ltr'>exstitisset.</span> <span class='ocrx_word' id='word_1_68' title='bbox 551 954 737 1023; x_wconf 78' lang='lat' dir='ltr'>Aliitradunt,</span> <span class='ocrx_word' id='word_1_69' title='bbox 747 955 840 1020; x_wconf 83' lang='lat' dir='ltr'>ipsam</span> <span class='ocrx_word' id='word_1_70' title='bbox 849 961 908 1006; x_wconf 88' lang='lat' dir='ltr'>tae-</span> 
     </span>
    </p>

    <p class='ocr_par' dir='ltr' id='par_1_10' title="bbox 108 1028 923 1171">
     <span class='ocr_line' id='line_1_11' title="bbox 108 1028 923 1102; baseline 0.005 -25"><span class='ocrx_word' id='word_1_71' title='bbox 108 1028 154 1079; x_wconf 93' lang='lat' dir='ltr'>dio</span> <span class='ocrx_word' id='word_1_72' title='bbox 170 1030 367 1096; x_wconf 87' lang='lat' dir='ltr'>praesentium,</span> <span class='ocrx_word' id='word_1_73' title='bbox 384 1035 411 1080; x_wconf 88' lang='lat' dir='ltr'>et</span> <span class='ocrx_word' id='word_1_74' title='bbox 423 1031 623 1081; x_wconf 89' lang='lat' dir='ltr'>imminentium</span> <span class='ocrx_word' id='word_1_75' title='bbox 638 1035 724 1094; x_wconf 90' lang='lat' dir='ltr'>metu,</span> <span class='ocrx_word' id='word_1_76' title='bbox 740 1045 875 1081; x_wconf 87' lang='lat' dir='ltr'>venenum</span> <span class='ocrx_word' id='word_1_77' title='bbox 893 1046 923 1102; x_wconf 43' lang='lat' dir='ltr'>a·</span> 
     </span>
     <span class='ocr_line' id='line_1_12' title="bbox 108 1103 679 1171; baseline 0 -17"><span class='ocrx_word' id='word_1_78' title='bbox 108 1103 167 1154; x_wconf 87' lang='lat' dir='ltr'>filio</span> <span class='ocrx_word' id='word_1_79' title='bbox 177 1104 348 1171; x_wconf 80' lang='lat' dir='ltr'>impetrasse,</span> <span class='ocrx_word' id='word_1_80' title='bbox 361 1103 435 1155; x_wconf 91' lang='lat' dir='ltr'>haud</span> <span class='ocrx_word' id='word_1_81' title='bbox 446 1119 512 1156; x_wconf 90' lang='lat' dir='ltr'>sane</span> <span class='ocrx_word' id='word_1_82' title='bbox 523 1104 679 1156; x_wconf 85' lang='lat' dir='ltr'>difficulter.</span> 
     </span>
    </p>

    <p class='ocr_par' dir='ltr' id='par_1_11' title="bbox 105 1177 908 1625">
     <span class='ocr_line' id='line_1_13' title="bbox 162 1177 908 1248; baseline 0.004 -19"><span class='ocrx_word' id='word_1_83' title='bbox 162 1177 224 1230; x_wconf 85' lang='lat' dir='ltr'>XV.</span> <span class='ocrx_word' id='word_1_84' title='bbox 254 1179 359 1230; x_wconf 84' lang='lat' dir='ltr'>Octavo</span> <span class='ocrx_word' id='word_1_85' title='bbox 380 1180 489 1248; x_wconf 87' lang='lat' dir='ltr'>imperii</span> <span class='ocrx_word' id='word_1_86' title='bbox 510 1195 600 1231; x_wconf 90' lang='lat' dir='ltr'>mense</span> <span class='ocrx_word' id='word_1_87' title='bbox 621 1178 795 1230; x_wconf 83' lang='lat' dir='ltr'>desciverunt</span> <span class='ocrx_word' id='word_1_88' title='bbox 816 1181 852 1232; x_wconf 88' lang='lat' dir='ltr'>ab</span> <span class='ocrx_word' id='word_1_89' title='bbox 875 1197 908 1232; x_wconf 89' lang='lat' dir='ltr'>eo</span> 
     </span>
     <span class='ocr_line' id='line_1_14' title="bbox 106 1253 908 1324; baseline 0.004 -21"><span class='ocrx_word' id='word_1_90' title='bbox 106 1255 242 1304; x_wconf 83' lang='lat' dir='ltr'>exercitus</span> <span class='ocrx_word' id='word_1_91' title='bbox 270 1253 440 1306; x_wconf 87' lang='lat' dir='ltr'>Moesiarum</span> <span class='ocrx_word' id='word_1_92' title='bbox 466 1261 548 1324; x_wconf 86' lang='lat' dir='ltr'>atque</span> <span class='ocrx_word' id='word_1_93' title='bbox 571 1254 750 1316; x_wconf 88' lang='lat' dir='ltr'>Pannoniae;</span> <span class='ocrx_word' id='word_1_94' title='bbox 781 1255 849 1308; x_wconf 89' lang='lat' dir='ltr'>item</span> <span class='ocrx_word' id='word_1_95' title='bbox 874 1270 908 1306; x_wconf 85' lang='lat' dir='ltr'>ex</span> 
     </span>
     <span class='ocr_line' id='line_1_15' title="bbox 105 1329 907 1397; baseline 0.006 -20"><span class='ocrx_word' id='word_1_96' title='bbox 105 1330 297 1386; x_wconf 82' lang='lat' dir='ltr'>transmarinis</span> <span class='ocrx_word' id='word_1_97' title='bbox 308 1330 437 1381; x_wconf 88' lang='lat' dir='ltr'>iudaicus</span> <span class='ocrx_word' id='word_1_98' title='bbox 449 1335 476 1381; x_wconf 89' lang='lat' dir='ltr'>et</span> <span class='ocrx_word' id='word_1_99' title='bbox 486 1329 631 1397; x_wconf 77' lang='lat' dir='ltr'>Syriacus:</span> <span class='ocrx_word' id='word_1_100' title='bbox 649 1346 682 1382; x_wconf 85' lang='lat' dir='ltr'>ac</span> <span class='ocrx_word' id='word_1_101' title='bbox 692 1345 756 1396; x_wconf 86' lang='lat' dir='ltr'>pars</span> <span class='ocrx_word' id='word_1_102' title='bbox 767 1331 797 1381; x_wconf 87' lang='lat' dir='ltr'>in</span> <span class='ocrx_word' id='word_1_103' title='bbox 808 1331 907 1382; x_wconf 89' lang='lat' dir='ltr'>absen·</span> 
     </span>
     <span class='ocr_line' id='line_1_16' title="bbox 106 1403 906 1474; baseline 0.005 -22"><span class='ocrx_word' id='word_1_104' title='bbox 106 1404 151 1466; x_wconf 88' lang='lat' dir='ltr'>tis,</span> <span class='ocrx_word' id='word_1_105' title='bbox 172 1419 236 1472; x_wconf 89' lang='lat' dir='ltr'>pars</span> <span class='ocrx_word' id='word_1_106' title='bbox 255 1405 285 1454; x_wconf 92' lang='lat' dir='ltr'>in</span> <span class='ocrx_word' id='word_1_107' title='bbox 304 1406 457 1471; x_wconf 88' lang='lat' dir='ltr'>praesentis</span> <span class='ocrx_word' id='word_1_108' title='bbox 475 1403 643 1474; x_wconf 79' lang='lat' dir='ltr'>Vespasiani</span> <span class='ocrx_word' id='word_1_109' title='bbox 662 1406 747 1457; x_wconf 88' lang='lat' dir='ltr'>verba</span> <span class='ocrx_word' id='word_1_110' title='bbox 766 1405 906 1457; x_wconf 87' lang='lat' dir='ltr'>iurarunt.</span> 
     </span>
     <span class='ocr_line' id='line_1_17' title="bbox 105 1477 906 1548; baseline 0.006 -22"><span class='ocrx_word' id='word_1_111' title='bbox 105 1478 147 1528; x_wconf 83' lang='lat' dir='ltr'>nd</span> <span class='ocrx_word' id='word_1_112' title='bbox 160 1479 330 1530; x_wconf 88' lang='lat' dir='ltr'>retinendum</span> <span class='ocrx_word' id='word_1_113' title='bbox 342 1495 406 1548; x_wconf 85' lang='lat' dir='ltr'>crgo</span> <span class='ocrx_word' id='word_1_114' title='bbox 419 1487 571 1532; x_wconf 86' lang='lat' dir='ltr'>ceterorum</span> <span class='ocrx_word' id='word_1_115' title='bbox 584 1477 726 1532; x_wconf 88' lang='lat' dir='ltr'>hominum</span> <span class='ocrx_word' id='word_1_116' title='bbox 737 1481 861 1532; x_wconf 86' lang='lat' dir='ltr'>studium</span> <span class='ocrx_word' id='word_1_117' title='bbox 874 1497 906 1532; x_wconf 89' lang='lat' dir='ltr'>ac</span> 
     </span>
     <span class='ocr_line' id='line_1_18' title="bbox 105 1552 907 1625; baseline 0.004 -23"><span class='ocrx_word' id='word_1_118' title='bbox 105 1552 241 1617; x_wconf 84' lang='lat' dir='ltr'>savorem,</span> <span class='ocrx_word' id='word_1_119' title='bbox 252 1553 322 1605; x_wconf 86' lang='lat' dir='ltr'>nihil</span> <span class='ocrx_word' id='word_1_120' title='bbox 335 1571 390 1606; x_wconf 90' lang='lat' dir='ltr'>non</span> <span class='ocrx_word' id='word_1_121' title='bbox 405 1556 514 1622; x_wconf 89' lang='lat' dir='ltr'>publice</span> <span class='ocrx_word' id='word_1_122' title='bbox 529 1557 725 1625; x_wconf 77' lang='lat' dir='ltr'>privatimque,</span> <span class='ocrx_word' id='word_1_123' title='bbox 737 1555 815 1608; x_wconf 91' lang='lat' dir='ltr'>nullo</span> <span class='ocrx_word' id='word_1_124' title='bbox 828 1554 907 1607; x_wconf 90' lang='lat' dir='ltr'>adbi-</span> 
     </span>
    </p>
   </div>
   <div class='ocr_carea' id='block_1_4' title="bbox 23 1628 905 1699">
    <p class='ocr_par' dir='ltr' id='par_1_12' title="bbox 23 1628 905 1699">
     <span class='ocr_line' id='line_1_19' title="bbox 23 1628 905 1699; baseline 0.005 -21"><span class='ocrx_word' id='word_1_125' title='bbox 23 1650 32 1666; x_wconf 47' lang='grc' dir='ltr'>κ</span> <span class='ocrx_word' id='word_1_126' title='bbox 105 1628 164 1679; x_wconf 90' lang='lat' dir='ltr'>bito</span> <span class='ocrx_word' id='word_1_127' title='bbox 180 1630 276 1692; x_wconf 91' lang='lat' dir='ltr'>modo,</span> <span class='ocrx_word' id='word_1_128' title='bbox 293 1630 408 1697; x_wconf 87' lang='lat' dir='ltr'>largitus</span> <span class='ocrx_word' id='word_1_129' title='bbox 423 1636 472 1682; x_wconf 87' lang='lat' dir='ltr'>cst.</span> <span class='ocrx_word' id='word_1_130' title='bbox 512 1629 656 1682; x_wconf 83' lang='lat' dir='ltr'>Deiectum</span> <span class='ocrx_word' id='word_1_131' title='bbox 667 1646 778 1699; x_wconf 88' lang='lat' dir='ltr'>quoqne</span> <span class='ocrx_word' id='word_1_132' title='bbox 794 1647 828 1682; x_wconf 85' lang='lat' dir='ltr'>ea</span> <span class='ocrx_word' id='word_1_133' title='bbox 840 1647 905 1682; x_wconf 91' lang='lat' dir='ltr'>cou-</span> 
     </span>
    </p>
   </div>
   <div class='ocr_carea' id='block_1_5' title="bbox 101 1702 906 2828">
    <p class='ocr_par' dir='ltr' id='par_1_13' title="bbox 101 1702 906 2828">
     <span class='ocr_line' id='line_1_20' title="bbox 105 1702 906 1772; baseline 0.007 -20"><span class='ocrx_word' id='word_1_134' title='bbox 105 1702 210 1754; x_wconf 87' lang='lat' dir='ltr'>ditionc</span> <span class='ocrx_word' id='word_1_135' title='bbox 220 1704 249 1753; x_wconf 89' lang='lat' dir='ltr'>in</span> <span class='ocrx_word' id='word_1_136' title='bbox 260 1703 332 1754; x_wconf 85' lang='lat' dir='ltr'>Urbe</span> <span class='ocrx_word' id='word_1_137' title='bbox 343 1705 407 1772; x_wconf 80' lang='lat' dir='ltr'>egit,</span> <span class='ocrx_word' id='word_1_138' title='bbox 417 1711 449 1757; x_wconf 91' lang='lat' dir='ltr'>nt</span> <span class='ocrx_word' id='word_1_139' title='bbox 458 1706 623 1758; x_wconf 88' lang='lat' dir='ltr'>voluntariis</span> <span class='ocrx_word' id='word_1_140' title='bbox 632 1720 688 1757; x_wconf 89' lang='lat' dir='ltr'>non</span> <span class='ocrx_word' id='word_1_141' title='bbox 698 1706 783 1757; x_wconf 88' lang='lat' dir='ltr'>modo</span> <span class='ocrx_word' id='word_1_142' title='bbox 794 1707 906 1758; x_wconf 90' lang='lat' dir='ltr'>missio-</span> 
     </span>
     <span class='ocr_line' id='line_1_21' title="bbox 106 1779 905 1845; baseline 0.006 -18"><span class='ocrx_word' id='word_1_143' title='bbox 106 1793 166 1828; x_wconf 92' lang='lat' dir='ltr'>nem</span> <span class='ocrx_word' id='word_1_144' title='bbox 181 1784 245 1845; x_wconf 88' lang='lat' dir='ltr'>post</span> <span class='ocrx_word' id='word_1_145' title='bbox 258 1779 417 1844; x_wconf 87' lang='lat' dir='ltr'>victoriam,</span> <span class='ocrx_word' id='word_1_146' title='bbox 433 1781 481 1832; x_wconf 91' lang='lat' dir='ltr'>sed</span> <span class='ocrx_word' id='word_1_147' title='bbox 496 1783 578 1832; x_wconf 86' lang='lat' dir='ltr'>etlam</span> <span class='ocrx_word' id='word_1_148' title='bbox 592 1788 787 1834; x_wconf 83' lang='lat' dir='ltr'>veteranorum</span> <span class='ocrx_word' id='word_1_149' title='bbox 800 1781 905 1834; x_wconf 89' lang='lat' dir='ltr'>iustae·</span> 
     </span>
     <span class='ocr_line' id='line_1_22' title="bbox 106 1852 906 1923; baseline 0.006 -20"><span class='ocrx_word' id='word_1_150' title='bbox 106 1869 158 1920; x_wconf 87' lang='lat' dir='ltr'>que</span> <span class='ocrx_word' id='word_1_151' title='bbox 169 1852 285 1904; x_wconf 89' lang='lat' dir='ltr'>militiae</span> <span class='ocrx_word' id='word_1_152' title='bbox 297 1856 442 1908; x_wconf 89' lang='lat' dir='ltr'>commoda</span> <span class='ocrx_word' id='word_1_153' title='bbox 453 1857 639 1923; x_wconf 79' lang='lat' dir='ltr'>polliceretur.</span> <span class='ocrx_word' id='word_1_154' title='bbox 678 1857 793 1922; x_wconf 86' lang='lat' dir='ltr'>Urgenti</span> <span class='ocrx_word' id='word_1_155' title='bbox 805 1857 906 1908; x_wconf 88' lang='lat' dir='ltr'>deinde</span> 
     </span>
     <span class='ocr_line' id='line_1_23' title="bbox 104 1927 905 1998; baseline 0.006 -20"><span class='ocrx_word' id='word_1_156' title='bbox 104 1933 179 1979; x_wconf 85' lang='lat' dir='ltr'>terra</span> <span class='ocrx_word' id='word_1_157' title='bbox 190 1931 313 1998; x_wconf 86' lang='lat' dir='ltr'>ruariqne</span> <span class='ocrx_word' id='word_1_158' title='bbox 324 1927 410 1996; x_wconf 89' lang='lat' dir='ltr'>hosti,</span> <span class='ocrx_word' id='word_1_159' title='bbox 423 1930 486 1982; x_wconf 90' lang='lat' dir='ltr'>hinc</span> <span class='ocrx_word' id='word_1_160' title='bbox 495 1930 607 1982; x_wconf 83' lang='lat' dir='ltr'>fratrem</span> <span class='ocrx_word' id='word_1_161' title='bbox 619 1947 679 1982; x_wconf 88' lang='lat' dir='ltr'>cnm</span> <span class='ocrx_word' id='word_1_162' title='bbox 692 1930 780 1982; x_wconf 88' lang='lat' dir='ltr'>classe</span> <span class='ocrx_word' id='word_1_163' title='bbox 792 1947 826 1982; x_wconf 90' lang='lat' dir='ltr'>ac</span> <span class='ocrx_word' id='word_1_164' title='bbox 836 1933 905 1983; x_wconf 89' lang='lat' dir='ltr'>tiro-</span> 
     </span>
     <span class='ocr_line' id='line_1_24' title="bbox 104 2004 905 2074; baseline 0.006 -20"><span class='ocrx_word' id='word_1_165' title='bbox 104 2005 185 2055; x_wconf 88' lang='lat' dir='ltr'>nibus</span> <span class='ocrx_word' id='word_1_166' title='bbox 197 2011 224 2055; x_wconf 89' lang='lat' dir='ltr'>et</span> <span class='ocrx_word' id='word_1_167' title='bbox 233 2005 419 2072; x_wconf 82' lang='lat' dir='ltr'>gladiatorum</span> <span class='ocrx_word' id='word_1_168' title='bbox 431 2021 514 2056; x_wconf 86' lang='lat' dir='ltr'>manu</span> <span class='ocrx_word' id='word_1_169' title='bbox 524 2007 669 2074; x_wconf 82' lang='lat' dir='ltr'>opposuit3</span> <span class='ocrx_word' id='word_1_170' title='bbox 684 2004 748 2057; x_wconf 83' lang='lat' dir='ltr'>hinc</span> <span class='ocrx_word' id='word_1_171' title='bbox 758 2012 786 2057; x_wconf 89' lang='lat' dir='ltr'>et</span> <span class='ocrx_word' id='word_1_172' title='bbox 795 2007 905 2059; x_wconf 84' lang='lat' dir='ltr'>Betria-</span> 
     </span>
     <span class='ocr_line' id='line_1_25' title="bbox 107 2080 905 2149; baseline 0.006 -21"><span class='ocrx_word' id='word_1_173' title='bbox 107 2094 200 2130; x_wconf 87' lang='lat' dir='ltr'>censes</span> <span class='ocrx_word' id='word_1_174' title='bbox 211 2081 306 2145; x_wconf 88' lang='lat' dir='ltr'>eopias</span> <span class='ocrx_word' id='word_1_175' title='bbox 317 2087 344 2130; x_wconf 92' lang='lat' dir='ltr'>et</span> <span class='ocrx_word' id='word_1_176' title='bbox 355 2080 446 2132; x_wconf 84' lang='lat' dir='ltr'>duces.</span> <span class='ocrx_word' id='word_1_177' title='bbox 485 2081 573 2149; x_wconf 72' lang='lat' dir='ltr'>litque</span> <span class='ocrx_word' id='word_1_178' title='bbox 583 2081 686 2148; x_wconf 85' lang='lat' dir='ltr'>ubique</span> <span class='ocrx_word' id='word_1_179' title='bbox 698 2087 746 2133; x_wconf 83' lang='lat' dir='ltr'>aut</span> <span class='ocrx_word' id='word_1_180' title='bbox 755 2090 905 2148; x_wconf 85' lang='lat' dir='ltr'>superatus</span> 
     </span>
     <span class='ocr_line' id='line_1_26' title="bbox 106 2154 906 2219; baseline 0.008 -17"><span class='ocrx_word' id='word_1_181' title='bbox 106 2158 155 2203; x_wconf 89' lang='lat' dir='ltr'>aut</span> <span class='ocrx_word' id='word_1_182' title='bbox 173 2154 309 2219; x_wconf 89' lang='lat' dir='ltr'>proditus,</span> <span class='ocrx_word' id='word_1_183' title='bbox 330 2156 445 2207; x_wconf 89' lang='lat' dir='ltr'>salutem</span> <span class='ocrx_word' id='word_1_184' title='bbox 467 2155 522 2206; x_wconf 91' lang='lat' dir='ltr'>sibi</span> <span class='ocrx_word' id='word_1_185' title='bbox 541 2161 568 2206; x_wconf 91' lang='lat' dir='ltr'>et</span> <span class='ocrx_word' id='word_1_186' title='bbox 587 2156 687 2207; x_wconf 90' lang='lat' dir='ltr'>millies</span> <span class='ocrx_word' id='word_1_187' title='bbox 707 2157 866 2208; x_wconf 87' lang='lat' dir='ltr'>sestertium</span> <span class='ocrx_word' id='word_1_188' title='bbox 889 2174 906 2208; x_wconf 87' lang='lat' dir='ltr'>a</span> 
     </span>
     <span class='ocr_line' id='line_1_27' title="bbox 104 2226 905 2300; baseline 0.005 -22"><span class='ocrx_word' id='word_1_189' title='bbox 104 2226 203 2279; x_wconf 89' lang='lat' dir='ltr'>Flavio</span> <span class='ocrx_word' id='word_1_190' title='bbox 216 2227 329 2292; x_wconf 87' lang='lat' dir='ltr'>Sabino,</span> <span class='ocrx_word' id='word_1_191' title='bbox 340 2228 507 2298; x_wconf 85' lang='lat' dir='ltr'>Vespasiani</span> <span class='ocrx_word' id='word_1_192' title='bbox 517 2229 611 2294; x_wconf 87' lang='lat' dir='ltr'>fratre,</span> <span class='ocrx_word' id='word_1_193' title='bbox 623 2231 741 2300; x_wconf 82' lang='lat' dir='ltr'>pepigit:</span> <span class='ocrx_word' id='word_1_194' title='bbox 752 2233 905 2300; x_wconf 87' lang='lat' dir='ltr'>statimqne</span> 
     </span>
     <span class='ocr_line' id='line_1_28' title="bbox 103 2302 905 2373; baseline 0.007 -21"><span class='ocrx_word' id='word_1_195' title='bbox 103 2317 155 2370; x_wconf 86' lang='lat' dir='ltr'>pro</span> <span class='ocrx_word' id='word_1_196' title='bbox 170 2302 301 2370; x_wconf 80' lang='lat' dir='ltr'>gradibus</span> <span class='ocrx_word' id='word_1_197' title='bbox 316 2303 420 2356; x_wconf 87' lang='lat' dir='ltr'>Palatii</span> <span class='ocrx_word' id='word_1_198' title='bbox 435 2304 507 2373; x_wconf 88' lang='lat' dir='ltr'>apud</span> <span class='ocrx_word' id='word_1_199' title='bbox 517 2305 674 2373; x_wconf 81' lang='lat' dir='ltr'>frequentes</span> <span class='ocrx_word' id='word_1_200' title='bbox 683 2305 799 2371; x_wconf 88' lang='lat' dir='ltr'>milites,</span> <span class='ocrx_word' id='word_1_201' title='bbox 811 2308 905 2358; x_wconf 81' lang='lat' dir='ltr'>cedere</span> 
     </span>
     <span class='ocr_line' id='line_1_29' title="bbox 104 2377 904 2449; baseline 0.008 -23"><span class='ocrx_word' id='word_1_202' title='bbox 104 2393 130 2428; x_wconf 86' lang='lat' dir='ltr'>se</span> <span class='ocrx_word' id='word_1_203' title='bbox 146 2377 268 2445; x_wconf 81' lang='lat' dir='ltr'>imperio,</span> <span class='ocrx_word' id='word_1_204' title='bbox 285 2379 355 2444; x_wconf 82' lang='lat' dir='ltr'>quod</span> <span class='ocrx_word' id='word_1_205' title='bbox 363 2379 460 2432; x_wconf 82' lang='lat' dir='ltr'>invitus</span> <span class='ocrx_word' id='word_1_206' title='bbox 470 2380 619 2447; x_wconf 82' lang='lat' dir='ltr'>recepisset,</span> <span class='ocrx_word' id='word_1_207' title='bbox 631 2379 783 2449; x_wconf 82' lang='lat' dir='ltr'>professus,</span> <span class='ocrx_word' id='word_1_208' title='bbox 795 2384 904 2434; x_wconf 71' lang='lat' dir='ltr'>ermetis</span> 
     </span>
     <span class='ocr_line' id='line_1_30' title="bbox 103 2453 903 2524; baseline 0.006 -23"><span class='ocrx_word' id='word_1_209' title='bbox 103 2453 317 2505; x_wconf 88' lang='lat' dir='ltr'>reclamantibus</span> <span class='ocrx_word' id='word_1_210' title='bbox 336 2470 392 2506; x_wconf 92' lang='lat' dir='ltr'>rem</span> <span class='ocrx_word' id='word_1_211' title='bbox 413 2455 538 2517; x_wconf 82' lang='lat' dir='ltr'>distulit3</span> <span class='ocrx_word' id='word_1_212' title='bbox 569 2471 602 2507; x_wconf 88' lang='lat' dir='ltr'>ac</span> <span class='ocrx_word' id='word_1_213' title='bbox 621 2463 702 2508; x_wconf 91' lang='lat' dir='ltr'>nocte</span> <span class='ocrx_word' id='word_1_214' title='bbox 721 2457 903 2524; x_wconf 88' lang='lat' dir='ltr'>interposita,</span> 
     </span>
     <span class='ocr_line' id='line_1_31' title="bbox 102 2527 904 2596; baseline 0.01 -20"><span class='ocrx_word' id='word_1_215' title='bbox 102 2527 192 2592; x_wconf 87' lang='lat' dir='ltr'>prime</span> <span class='ocrx_word' id='word_1_216' title='bbox 209 2527 330 2580; x_wconf 87' lang='lat' dir='ltr'>diluculo</span> <span class='ocrx_word' id='word_1_217' title='bbox 345 2529 505 2582; x_wconf 89' lang='lat' dir='ltr'>sordidatus</span> <span class='ocrx_word' id='word_1_218' title='bbox 516 2531 658 2582; x_wconf 89' lang='lat' dir='ltr'>deseendit</span> <span class='ocrx_word' id='word_1_219' title='bbox 668 2531 703 2582; x_wconf 85' lang='lat' dir='ltr'>ad</span> <span class='ocrx_word' id='word_1_220' title='bbox 715 2537 820 2596; x_wconf 87' lang='lat' dir='ltr'>rostra,</span> <span class='ocrx_word' id='word_1_221' title='bbox 833 2533 904 2584; x_wconf 90' lang='lat' dir='ltr'>mul·</span> 
     </span>
     <span class='ocr_line' id='line_1_32' title="bbox 101 2600 904 2672; baseline 0.016 -24"><span class='ocrx_word' id='word_1_222' title='bbox 101 2600 193 2668; x_wconf 88' lang='lat' dir='ltr'>tisqne</span> <span class='ocrx_word' id='word_1_223' title='bbox 208 2618 267 2654; x_wconf 89' lang='lat' dir='ltr'>cum</span> <span class='ocrx_word' id='word_1_224' title='bbox 283 2603 405 2656; x_wconf 89' lang='lat' dir='ltr'>lacrimis</span> <span class='ocrx_word' id='word_1_225' title='bbox 420 2605 515 2658; x_wconf 88' lang='lat' dir='ltr'>eadem</span> <span class='ocrx_word' id='word_1_226' title='bbox 529 2605 593 2670; x_wconf 91' lang='lat' dir='ltr'>illa,</span> <span class='ocrx_word' id='word_1_227' title='bbox 605 2621 724 2658; x_wconf 88' lang='lat' dir='ltr'>verume</span> <span class='ocrx_word' id='word_1_228' title='bbox 739 2607 852 2672; x_wconf 90' lang='lat' dir='ltr'>libello,</span> <span class='ocrx_word' id='word_1_229' title='bbox 862 2615 904 2660; x_wconf 87' lang='lat' dir='ltr'>te·</span> 
     </span>
     <span class='ocr_line' id='line_1_33' title="bbox 102 2678 903 2750; baseline 0.02 -29"><span class='ocrx_word' id='word_1_230' title='bbox 102 2678 190 2725; x_wconf 81' lang='lat' dir='ltr'>status</span> <span class='ocrx_word' id='word_1_231' title='bbox 209 2683 258 2727; x_wconf 89' lang='lat' dir='ltr'>est.</span> <span class='ocrx_word' id='word_1_232' title='bbox 297 2679 402 2732; x_wconf 85' lang='lat' dir='ltr'>Rursus</span> <span class='ocrx_word' id='word_1_233' title='bbox 420 2680 612 2750; x_wconf 85' lang='lat' dir='ltr'>interpellante</span> <span class='ocrx_word' id='word_1_234' title='bbox 629 2681 717 2734; x_wconf 90' lang='lat' dir='ltr'>milite</span> <span class='ocrx_word' id='word_1_235' title='bbox 733 2697 766 2734; x_wconf 87' lang='lat' dir='ltr'>ac</span> <span class='ocrx_word' id='word_1_236' title='bbox 779 2683 903 2750; x_wconf 86' lang='lat' dir='ltr'>populo,</span> 
     </span>
     <span class='ocr_line' id='line_1_34' title="bbox 102 2749 904 2828; baseline 0.021 -32"><span class='ocrx_word' id='word_1_237' title='bbox 102 2750 141 2811; x_wconf 88' lang='lat' dir='ltr'>et,</span> <span class='ocrx_word' id='word_1_238' title='bbox 155 2763 190 2800; x_wconf 88' lang='lat' dir='ltr'>ne</span> <span class='ocrx_word' id='word_1_239' title='bbox 205 2749 342 2820; x_wconf 84' lang='lat' dir='ltr'>deficeret,</span> <span class='ocrx_word' id='word_1_240' title='bbox 357 2752 498 2821; x_wconf 83' lang='lat' dir='ltr'>hortante,</span> <span class='ocrx_word' id='word_1_241' title='bbox 516 2771 677 2828; x_wconf 85' lang='lat' dir='ltr'>omnemque</span> <span class='ocrx_word' id='word_1_242' title='bbox 692 2772 805 2827; x_wconf 86' lang='lat' dir='ltr'>operam</span> <span class='ocrx_word' id='word_1_243' title='bbox 821 2773 904 2814; x_wconf 84' lang='lat' dir='ltr'>suam</span> 
     </span>
    </p>
   </div>
   <div class='ocr_carea' id='block_1_6' title="bbox 0 0 1022 3022">
    <p class='ocr_par' dir='ltr' id='par_1_14' title="bbox 0 0 1022 3022">
     <span class='ocr_line' id='line_1_35' title="bbox 0 0 1022 3022; baseline 0 3"><span class='ocrx_word' id='word_1_244' title='bbox 0 0 1022 3022; x_wconf 95' lang='lat' dir='ltr'> </span> 
     </span>
    </p>
   </div>
  </div>
 </body>
</html>
