2036 3022
169 241 218 294 242
447 244 473 290 0.
501 243 686 292 SUE'I'ONII

170 369 285 432 Quoties
297 368 404 422 Ostiam
414 369 511 424 Tiberi
521 369 660 434 defluerets
671 373 719 420 aut
727 366 866 422 Baianum
877 366 967 420 sinum

166 446 432 514 praeternavigaret‚
453 445 605 520 dispositae
624 461 672 513 per
692 445 776 496 litora
790 449 819 494 et
833 444 913 510 ripas
926 444 966 495 di-

167 522 309 574 versoriae
327 522 459 573 tabernac
479 523 661 589 parabantur,
682 520 803 587 insignes
817 533 925 586 ganeae
939 525 966 570 et

167 602 367 662 matronarum,
387 597 542 648 institorias
562 612 660 664 operas
680 595 861 658 imitantium,
884 601 964 662 atque

167 670 649 740 hincindeorantIum,utappelleret.
663 669 963 722 Indicebatetfamilia-

166 747 243 798 ribus
255 762 368 810 coenas,
384 762 501 816 quorum
510 747 560 798 uni
573 747 678 798 mellita
688 745 856 812 quadragies
867 751 963 796 sester-

166 822 207 872 tio
215 821 347 884 constitit,
355 822 436 873 alteri
445 822 532 889 pluris
544 822 686 891 aliquanto
693 821 836 888 absorptio
844 821 962 872 rosaria

223 893 350 947 XXVIII.
371 896 459 964 Super
473 898 653 964 ingenuorum
673 891 849 963 paedagogIa
869 901 898 948 et
917 911 964 946 nu-

169 976 278 1041 ptarum
289 971 496 1037 concubinatus,
502 971 611 1023 Vestali
620 972 721 1039 virgIni
726 970 847 1022 Rubriae
858 972 916 1022 vim
925 973 964 1021 in-

166 1046 240 1098 tulit.
279 1047 363 1099 Acten
374 1047 501 1100 libertam
512 1043 634 1115 paullum
645 1046 735 1098 abfuit
745 1046 811 1113 quin
820 1047 898 1098 iusto
909 1062 963 1098 rna-

166 1123 298 1174 trimonio
319 1121 374 1174 sibi
394 1123 584 1190 coniungeret,
601 1122 754 1173 summissis
770 1121 963 1172 consularibus

166 1197 247 1262 vlris,
268 1198 317 1265 qui
330 1197 407 1264 regio
422 1213 521 1264 genere
536 1203 625 1249 ortam
643 1197 805 1265 peierarent.
846 1195 963 1248 Puerum

169 1271 300 1339 Sporum,
311 1273 428 1324 exsectis
437 1273 566 1336 testibus,
578 1273 661 1324 etiam
675 1273 705 1322 in
714 1271 877 1324 muliebrem
887 1279 963 1323 natu-

167 1362 227 1398 ram
237 1347 434 1415 transfrgnrare
445 1353 560 1399 conatus
564 1385 572 1412 ,
584 1364 646 1399 cnm
657 1346 721 1399 dote
731 1352 759 1398 et
768 1347 907 1412 flammeo,
919 1362 965 1414 per

168 1422 315 1473 sollemnia
333 1425 492 1490 nuptiarum
511 1423 687 1480 celeberrimo
704 1423 797 1478 officio
817 1423 963 1474 deductum

169 1497 261 1562 adse,
277 1513 327 1564 pro
342 1513 429 1550 rmore
443 1496 548 1549 habuit.
587 1497 740 1566 Exstatque
750 1497 896 1550 cuiusdam
911 1514 964 1549 non

167 1573 287 1624 inscitus'
297 1574 389 1636 iocus,
400 1572 474 1626 Beue
488 1572 538 1642 agi
545 1571 663 1641 potuitne
673 1589 732 1626 cum
745 1572 822 1624 rebus
833 1571 963 1633 laumanr't,

168 1648 193 1698 si
210 1645 345 1700 Domitius
360 1657 439 1713 pater
459 1650 538 1700 talem
561 1649 695 1700 babubret
716 1663 833 1700 uxorem.
885 1648 965 1700 Hunc

170 1722 301 1789 Sporum,
313 1722 497 1789 Augustarum
508 1725 677 1778 ornamentis
687 1722 839 1788 excultum,
855 1725 965 1776 lectica-

170 1813 223 1865 que
236 1803 356 1860 vectum,
377 1804 404 1849 et
422 1799 496 1850 circa
510 1806 659 1851 conventus
673 1804 866 1868 mercatusque
881 1797 965 1852 Grae·
1006 1843 1007 1868 ,

170 1873 243 1937 cine,
260 1887 293 1923 ac
307 1888 372 1924 mox
387 1873 490 1925 Romae
506 1875 580 1926 circa
594 1874 737 1942 Sigillaria
752 1873 903 1927 comitatus
918 1880 965 1936 est,
1006 1885 1007 1892 ¹

170 1947 320 1999 identidem
331 1949 503 2000 exosculans.
542 1949 613 2000 Nam
623 1951 720 2002 matris
731 1949 911 2002 concubitum
922 1962 966 2016 ap·

170 2024 284 2090 petisse,
306 2029 333 2075 et
353 2026 388 2075 ab
404 2025 635 2076 obtrectatoribus
646 2026 718 2089 eius,
739 2040 773 2076 ne
787 2024 870 2078 feror
886 2030 966 2092 atque
1006 1999 1007 2070 l

170 2099 307 2166 impotens
327 2099 426 2151 mulier
441 2106 469 2152 et
482 2098 535 2152 hoc
549 2115 648 2167 genere
662 2101 769 2168 gratiae
782 2098 966 2166 praevaleret,

172 2173 341 2237 deterritum,
352 2190 431 2226 nemo
444 2175 580 2226 dubitavit
591 2192 597 2238 3
617 2177 712 2244 utique
722 2181 873 2242 postquam
884 2191 967 2226 mere-

170 2249 276 2311 tricem,
288 2263 370 2315 quam
380 2249 456 2300 fama
466 2251 696 2318 eratllngppInae
705 2251 888 2315 simillimam,
897 2250 970 2300 inter

173 2323 340 2374 concubinas
350 2325 462 2394 recepit.
484 2325 556 2376 Olim
568 2327 663 2390 etiam,
676 2327 784 2393 quoties
794 2326 898 2378 lectica
908 2337 969 2376 cum
1006 2347 1007 2352 ¹

171 2405 259 2450 matre
269 2397 423 2463 veheretur,
436 2399 610 2452 libidinatum
621 2402 736 2465 inceste,
754 2415 787 2452 ac
796 2401 916 2452 maculis
927 2415 970 2452 ve·

172 2474 222 2524 stis
233 2474 384 2540 proditum,
396 2475 541 2531 affirmant.

228 2548 329 2599 XXIX.
360 2549 443 2602 Suam
469 2551 578 2617 quidem
601 2551 763 2619 pudicitiam
787 2567 877 2618 usque
899 2551 969 2601 adeo

174 2623 329 2688 prostituit,
343 2628 375 2674 ut
385 2627 579 2678 contaminatis
589 2641 675 2693 paene
687 2627 814 2677 omuibus
826 2627 969 2686 membris,

173 2696 322 2748 novissime
337 2701 417 2765 quasi
431 2715 515 2768 genus
530 2702 606 2752 lusus
621 2702 805 2768 excogitaret,
823 2715 880 2768 quo
895 2700 969 2752 ferae

172 2769 244 2836 pelle
259 2777 399 2824 conmotus
414 2777 583 2828 emitteretur
596 2792 611 2828 c
626 2789 723 2841 eavea,
744 2776 926 2844 uirorumque
941 2788 969 2826 ac
