2044 3028
149 211 199 270 alo
424 215 450 265 c.
479 213 667 265 sunroum

150 346 218 396 alter
237 343 334 396 duodus
353 341 487 396 auriculis
507 341 779 410 expensum-Niciae?
797 341 865 391 alter
887 336 948 391 Art

150 417 271 471 starcher
289 417 335 471 hos
354 415 470 481 ὀβελίζει.
513 419 575 489 Ego
596 429 730 485 tamquam
747 415 858 468 criticos
879 415 948 467 onti-

151 511 216 562 quos
234 493 399 546 iudicaturus
419 511 487 556 sum,
508 504 597 546 oerum
621 493 675 545 siut
694 495 742 540 τοῦ
762 491 893 554 ποιητοῦ,
914 508 949 542 un

149 569 397 636 παρεμβεβλημένοι.
435 571 502 621 ltem
519 571 554 620 ad
568 571 703 620 Atticum:
724 566 768 618 De
783 565 864 618 Nicia
880 567 950 634 quod

149 645 252 707 scribis,
265 644 337 696 ss's'ta
347 661 387 695 me
397 645 527 707 luterem,
539 655 570 696 ot
580 645 633 695 eius
644 643 811 694 humanitate
814 641 881 716 frui
886 658 946 708 pos-

149 735 214 782 sem,
230 720 258 770 s'u
268 719 363 787 primis
376 721 463 770 vellem
477 735 576 772 mecum
590 720 662 770 illum
676 718 796 779 dobere;
816 717 864 768 sed
882 717 949 767 milri

148 795 259 845 solitudo
271 803 298 844 et
306 809 419 845 recessus
425 794 564 860 provincio
575 805 627 846 est:
644 793 727 861 [quod
735 791 800 858 quia
807 791 945 863 facilest-

148 869 224 920 redot
234 867 307 930 Sica,
319 885 348 919 eo
359 869 445 938 tnagis
455 870 527 920 illum
538 869 678 938 desidero}
719 867 866 920 Praetereo
877 867 948 919 nesti

149 942 243 996 Niciae
252 944 337 998 uestri
346 943 561 1008 irnhesillitatem,
573 945 719 1006 mollitiem,
730 944 944 995 eonmetuds'nem

147 1019 238 1072 emtus.
265 1019 319 1070 Gur
329 1037 392 1089 ergo
403 1019 442 1071 itti
450 1021 570 1072 molestus
580 1036 633 1071 esse
642 1019 725 1080 celita,
737 1033 817 1084 qumu
828 1019 896 1070 miti
905 1018 946 1072 ille

147 1094 490 1162 iucundusessenouposss't?
505 1093 945 1164 Voloutestumeueiusms'digrotu

148 1180 194 1224 est.
215 1171 305 1222 Huius
316 1171 349 1222 de
359 1169 469 1222 Lucilio
481 1170 568 1221 libros
579 1171 662 1222 etiarn
673 1170 760 1220 satira
770 1172 944 1237 comprobat.

203 1244 264 1296 XV.
284 1245 436 1309 bruneus,
448 1246 544 1312 Magni
554 1244 681 1313 Pompeii
691 1246 807 1294 libertus
819 1253 847 1295 et
857 1261 944 1311 paene

148 1321 268 1372 omnium
282 1320 486 1388 expeditionum
502 1336 606 1383 comes,
618 1319 747 1370 defuncto
768 1335 804 1370 eo
823 1319 943 1387 filiisque

148 1395 219 1460 eius,
231 1394 327 1446 schola
338 1411 366 1446 se
377 1396 539 1447 sustentavit
550 1412 556 1458 3
578 1396 725 1461 docuitque
735 1395 765 1444 in
777 1395 894 1459 Carinis,
906 1397 941 1446 ad

148 1470 270 1527 Telluris
284 1471 391 1534 aedem,
406 1472 435 1522 in
450 1487 505 1538 qua
514 1471 627 1537 regione
637 1469 834 1536 Pompeiorum
846 1470 944 1522 domus

147 1546 256 1598 fueret:
277 1562 310 1597 ac
323 1552 400 1597 tento
416 1560 509 1598 amore
520 1561 586 1613 erga
600 1543 712 1613 petroni
725 1547 889 1598 memoriam
901 1563 945 1598 ex-

148 1623 232 1686 stitit,
243 1627 274 1673 ut
284 1621 444 1672 Sallustium
455 1620 626 1684 historicum,
638 1620 713 1688 quod
723 1637 784 1671 eum
796 1621 852 1672 ors's
858 1622 944 1688 proti,

147 1695 235 1747 auimo
246 1695 416 1747 inverecundo
426 1697 592 1765 scripsisset,
608 1696 787 1748 acerbissima
802 1698 892 1748 satira
907 1697 945 1747 ln-

149 1772 294 1835 ceraven't,
310 1772 455 1822 metaurum
465 1777 493 1822 et
503 1773 646 1834 lurconum,
658 1778 687 1822 et
696 1771 862 1834 nebulonem,
870 1772 945 1839 popi-

148 1861 291 1914 uouemque
301 1846 455 1915 appellans,
467 1846 558 1900 etrite
568 1846 723 1913 scriptisque
732 1856 928 1898 monstruosum
938 1867 946 1896 .-

148 1927 291 1992 praeterea
296 1922 445 1990 priscorum
456 1920 613 1988 unioneque
623 1922 760 1973 cerberum
769 1921 946 1974 ineruditissi-

149 2013 219 2050 mum
232 1997 334 2069 fierem.
374 1998 507 2049 Traditur
526 2004 630 2061 autem,
644 2013 713 2065 puer
727 1995 819 2048 adhuc
832 1997 948 2050 Athenis

150 2081 299 2141 surreptus,
310 2073 445 2140 refugisse
453 2074 482 2123 in
493 2073 624 2141 patriam:
643 2072 835 2141 perceptisque
847 2073 948 2125 libera·

149 2147 222 2199 libus
237 2149 405 2214 disciplinis,
419 2149 536 2215 pretium
551 2163 629 2199 suurn
644 2147 783 2212 remiisse,
799 2163 895 2200 verum
912 2149 948 2200 ob

148 2224 287 2291 ingenium
300 2230 381 2291 atque
392 2223 546 2274 doctrinam
556 2224 643 2290 gratis
654 2224 847 2274 manumissus.

205 2295 279 2349 XVl.
301 2298 335 2358 Q.
347 2299 501 2349 Gnucrruos
512 2297 659 2362 Erruors,
677 2298 793 2349 Tusculi
802 2304 899 2363 natus,
916 2299 947 2349 li·

148 2373 242 2424 bertus
252 2373 348 2437 Attici,
364 2375 464 2442 equitis
474 2373 604 2436 Romani,
621 2373 656 2423 ad
667 2388 746 2440 quem
760 2380 825 2424 sunt
836 2374 947 2425 Cicero·

148 2448 193 2496 sris
222 2448 369 2513 epistolae,
401 2463 482 2514 quum
507 2448 592 2499 liliam
616 2449 741 2516 patroni,
771 2453 886 2515 nuptam
905 2449 945 2499 M.

149 2521 299 2587 Agrippae,
315 2522 437 2585 doceret,
454 2530 596 2588 suspectus
606 2524 636 2573 in
646 2539 691 2586 ea,
707 2529 736 2574 et
745 2524 781 2574 ob
792 2521 846 2575 hoe
856 2539 946 2576 remo·

149 2600 207 2658 tus,
223 2594 258 2645 ed
270 2595 426 2648 Cornelium
438 2596 548 2648 Gallum
559 2613 588 2648 se
600 2598 735 2649 contulit:
754 2598 880 2666 vixitque
890 2615 946 2649 una

148 2665 376 2734 familiarissime,
388 2672 462 2739 quod
471 2671 526 2739 ipsi
537 2671 619 2724 Gallo
630 2673 702 2724 iuter
715 2674 883 2739 gravissima
893 2675 945 2726 cri·

148 2741 224 2792 mina
244 2745 278 2793 eb
294 2745 416 2814 Augusto
438 2747 577 2800 obiicitur.
616 2745 685 2800 Post
703 2747 768 2801 iude
788 2749 932 2804 danmatio
988 2801 992 2810 ,
