2044 3028
161 183 211 238 361
445 185 470 230 G.
494 180 679 230 sassronu

199 309 270 361 Eam
281 306 382 359 lotidem
393 305 436 360 tic
447 305 519 359 ducit
527 303 684 367 inanimam,
696 319 775 371 quam
785 303 837 356 tna
843 305 943 371 placet,

203 384 257 449 Qui
264 382 335 434 atta
345 381 471 436 anine'rrlt
481 381 609 452 etpnpald
615 381 742 448 placent:

202 460 319 524 Quorum
331 460 409 526 dpera
419 458 447 510 in
458 459 528 518 bello,
540 457 568 506 in
580 455 641 518 titio,
653 455 682 506 ia
692 453 809 523 negritia,

201 535 254 586 Sao
265 533 372 602 palaque
384 543 497 602 tempore
508 531 555 582 tion
567 539 599 582 ’tt
607 530 663 581 tine
673 530 804 598 superbia.

162 609 278 661 Videtur
298 616 388 661 antem
409 625 438 660 se
458 608 545 658 levius
566 605 736 670 defendisse,
760 605 827 674 quio
847 605 962 664 sciebat,

162 685 260 737 Laelio
277 691 303 735 et
317 684 442 750 Scipioni
456 699 511 733 non
525 684 662 750 ingratam
681 697 739 734 esse
761 679 834 730 hano
855 680 963 747 opinio·

162 776 223 810 nem
235 778 241 810 :
263 775 332 826 quae
343 765 434 810 tamen
444 759 532 825 magis
543 763 570 808 et
579 772 666 824 nsque
677 755 711 805 ad
726 757 886 822 posteriora
896 761 964 804 tem-

162 849 232 902 pora
241 833 336 889 valuit.

219 909 265 960 lll.
288 909 321 970 Q.
333 909 478 960 Memmius
489 909 517 957 in
529 908 655 978 oratione
667 922 716 973 pro
728 921 757 955 se
770 907 823 955 ait:
842 904 874 955 P.
886 902 964 974 Afri-

164 1001 257 1046 canna,
274 984 320 1050 qni
333 979 349 1034 a
363 983 487 1035 Terentio
498 998 639 1050 personam
653 989 802 1040 ntrctnatat,
816 996 884 1046 qnae
895 976 967 1028 donari

164 1062 264 1110 luserat
276 1060 341 1127 ipse,
358 1059 461 1110 ntonnine
475 1057 543 1108 illiue
558 1057 586 1107 in
604 1073 708 1108 aceniam
727 1055 830 1106 detulit.
872 1055 967 1120 Nepos

165 1143 278 1186 auctore
299 1141 373 1184 certo
390 1134 556 1200 comperisse
571 1145 600 1182 se
616 1133 667 1194 ait,
691 1131 721 1181 C.
732 1129 863 1181 Laelium
880 1145 968 1200 qnon-

165 1210 270 1258 damin
286 1207 439 1259 Puteolano
454 1207 587 1257 Kalendis
602 1205 713 1255 Martiis
736 1205 910 1255 admonitum
932 1205 968 1252 ab

165 1299 263 1347 uxore,
280 1284 429 1352 temporius
444 1290 474 1332 ut
489 1281 685 1344 discumberet,
702 1281 816 1348 petiisse
828 1282 863 1331 ab
874 1297 920 1343 ea,
932 1295 968 1328 ne

164 1357 403 1426 interpellaretur:
424 1357 511 1408 serlus
528 1355 636 1406 tandem
647 1355 802 1422 ingressum
814 1355 966 1406 triclinium

165 1435 276 1497 dixisse,
283 1448 338 1484 non
347 1433 463 1499 saepein
473 1431 617 1482 scribendo
625 1433 713 1498 magis
722 1432 893 1482 successisse
899 1429 965 1480 sibi:

166 1508 263 1559 deinde
283 1514 418 1574 rogatum,
439 1514 470 1557 nt
490 1508 593 1574 scripta
612 1505 662 1555 illa
683 1505 830 1574 proferret,
847 1520 966 1572 pronun-

167 1585 256 1634 ciasse
266 1599 368 1645 versus,
381 1581 429 1649 qui
439 1589 503 1632 siant
512 1583 541 1633 in
552 1581 872 1633 Heautontimorumeno
887 1600 894 1632 ε

204 1658 275 1708 Satis
281 1659 329 1723 pol
337 1665 460 1723 proterve
471 1657 512 1707 nte'
522 1655 584 1724 Syri
588 1655 721 1722 prenniano
732 1655 784 1706 line
795 1655 967 1708 intans-trum.

221 1731 267 1783 tv.
299 1731 400 1784 Santra
419 1733 578 1783 Terentium
605 1731 757 1795 existimat,
784 1731 809 1780 si
836 1732 923 1783 modo
943 1731 969 1780 in

165 1808 309 1860 scribendo
322 1808 496 1858 adiutoribus
506 1807 664 1873 indiguerit,
671 1823 726 1857 non
736 1813 793 1856 tam
800 1805 937 1874 Scipione
946 1812 971 1856 et

165 1884 264 1935 Laelio
284 1884 327 1934 uti
345 1884 481 1952 potuisse,
504 1883 552 1949 qui
570 1888 636 1932 tunc
660 1882 866 1933 adolescentuli
886 1883 969 1944 fuere,

166 1973 248 2028 qrram
263 1957 387 2024 Sulpicio
399 1957 495 2022 Gallo,
513 1955 622 2006 homine
633 1957 715 2007 docto
722 1995 730 2022 ,
742 1957 829 2024 etqui
842 1957 969 2008 consula-

165 2035 241 2085 ribus
257 2033 329 2084 ludis
343 2033 452 2083 initium
464 2033 561 2084 lecerit
570 2030 727 2082 fabularum
740 2031 913 2098 dandarum,
929 2032 969 2083 vel

168 2109 201 2169 Q.
213 2108 302 2160 Fabio
314 2106 445 2159 Labeone
456 2115 483 2158 et
496 2107 535 2156 M.
547 2104 682 2175 Popillio,
695 2107 838 2159 consulari
849 2115 969 2177 utroque

166 2199 199 2233 ao
210 2190 301 2250 poeta.
341 2183 406 2234 ldeo
421 2183 511 2250 ipsum
526 2197 582 2231 non
597 2182 709 2234 invenes
724 2183 901 2248 designasse,
924 2183 970 2250 qul

166 2274 195 2309 se
211 2259 349 2309 adiuvisse
363 2258 531 2319 dicerentur,
553 2256 601 2306 sed
615 2257 703 2322 viros,
720 2272 839 2324 (prorum
857 2274 968 2324 operam

167 2339 194 2383 et
208 2334 237 2383 in
250 2332 323 2384 bello
344 2333 414 2383 etin
429 2334 487 2383 otio
507 2339 534 2383 et
552 2332 580 2381 in
599 2333 711 2398 negotio
728 2331 849 2398 populus
869 2333 908 2384 sit
926 2347 967 2383 ex-

165 2413 267 2474 pertus.

222 2480 291 2533 Post
305 2481 395 2533 editas
410 2480 582 2546 comoedias,
598 2481 719 2532 nondum
739 2481 866 2548 quinam
888 2489 967 2552 atque

165 2555 336 2620 trigesimum
347 2571 472 2623 egressus
484 2572 593 2622 annum,
606 2573 690 2608 causa
702 2555 849 2609 evitandae
862 2561 967 2627 opinio-

165 2629 221 2691 nis,
238 2631 304 2696 quia
313 2630 459 2682 videbatur
474 2631 565 2682 aliena
580 2649 630 2700 pro
648 2633 706 2685 suis
717 2632 811 2698 edere,
822 2649 875 2684 seu
885 2636 968 2705 peroi-

165 2701 259 2766 pieudi
270 2701 437 2757 Graecorum
452 2707 581 2758 instituta
595 2723 753 2776 moresque,
770 2722 843 2778 qnos
857 2711 967 2780 perinde
