2050 3034
99 169 149 228 los
384 179 411 224 o.
430 167 620 226 suarourt

98 319 148 354 nec
157 301 223 352 ullis
233 301 288 352 nisi
298 316 332 354 ex
342 304 483 356 senatorio
496 303 592 354 ordine
603 297 806 370 aurigantihus.
818 296 901 352 Com-

98 379 174 429 misit
184 386 211 428 et
221 378 341 444 subitos,
363 394 447 446 quum
460 395 474 430 e
487 377 636 430 Gelotiana
647 383 813 446 apparatum
825 377 902 428 Circi

97 453 310 521 prospicientem
326 455 409 521 pauci
423 469 457 506 ex
475 454 610 521 proximis
624 451 783 506 Maenianis
803 457 901 520 postu-

96 526 208 580 lassent.

152 603 227 654 XIX.
248 603 356 656 Novum
372 610 516 672 praeterea
531 609 613 672 atque
629 603 790 655 inauditum
810 617 899 670 genus

97 678 248 745 spectaculi
262 679 437 746 excogitavit.
468 679 548 730 Nam
562 679 694 732 Baiarum
713 679 834 730 medium
855 679 898 729 in-

95 753 241 805 tervallum
252 759 279 804 et
289 753 457 805 Puteolanas
468 755 563 820 moles,
574 755 657 806 trium
668 753 786 804 millium
797 759 825 806 et
835 769 898 804 sex·

97 833 238 878 centorum
249 827 306 880 fere
316 844 459 896 passuum,
476 837 559 897 ponte
570 829 727 892 coniunxit,
743 829 896 880 contractis

96 902 217 969 undique
229 904 364 954 onerariis
375 905 504 969 navibus,
525 911 552 956 ct
566 905 663 956 ordine
678 903 784 971 duplici
799 903 835 954 ad
847 919 895 956 an-

97 993 177 1028 coras
198 978 356 1045 collocatis,
377 981 587 1048 superiectoque
603 993 702 1046 aggere
715 986 839 1044 terreno,
861 994 895 1030 ac

96 1054 201 1106 directo
216 1055 246 1104 in
260 1056 365 1122 Appiae
379 1057 440 1106 viae
456 1055 583 1108 formam.
622 1053 675 1105 Per
689 1052 761 1105 hunc
780 1059 892 1121 pontem

94 1129 168 1180 ultro
181 1130 250 1180 citro
263 1131 439 1194 commeavit,
461 1131 544 1181 biduo
562 1130 726 1180 continenti:
746 1128 893 1196 primodie

95 1201 239 1269 phalerato
251 1220 336 1272 equo,
356 1205 527 1273 insignisque
543 1219 663 1272 qucrnea
673 1219 791 1267 corona,
812 1210 839 1255 et
850 1220 892 1256 ce-

94 1287 152 1341 tra,
173 1287 200 1329 et
213 1279 321 1345 gladio,
342 1295 480 1347 aureaque
495 1278 653 1346 chlamyde:
673 1278 809 1347 postridie
825 1295 891 1348 qua-

95 1352 218 1418 drigario
230 1353 334 1419 habitu,
342 1353 891 1423 curriculoquehiingifamosorumequo-

95 1443 169 1490 rum,
191 1442 256 1494 prae
272 1445 301 1479 se
316 1428 406 1481 ferens
422 1430 539 1481 Darium
553 1444 715 1498 puerumex
725 1427 892 1481 Parthorum

96 1501 252 1566 obsidibus;
273 1504 421 1556 comitante
431 1506 671 1572 praetorianorum
688 1505 809 1572 agmine,
826 1505 892 1556 etin

95 1578 199 1628 essedis
215 1577 327 1630 cohorte
348 1580 509 1631 amicorrnn.
549 1579 613 1631 Scio
633 1579 782 1648 plerosque
797 1579 891 1632 existi-

94 1667 196 1716 masse,
218 1653 301 1704 talem
316 1669 334 1703 a
349 1654 417 1704 Caio
432 1662 543 1723 pontem
564 1656 751 1722 excogitatum
771 1655 891 1708 aemula-

94 1727 170 1777 tione
181 1727 290 1790 Xerxis,
298 1728 346 1794 qui
355 1745 411 1780 non
422 1731 481 1782 sinc
493 1730 676 1783 admiratione
687 1729 832 1798 aliquanto
845 1747 892 1781 an-

94 1801 245 1867 gustiorem
265 1802 474 1871 Hellespontum
494 1805 726 1868 contabulaverit3
756 1805 841 1871 alios,
862 1812 893 1856 nt

96 1875 271 1928 Germaniam
287 1887 314 1930 ct
323 1880 509 1946 Britanniam,
531 1881 630 1950 quibus
644 1882 820 1946 imminebat,
842 1880 892 1931 ali·

95 1952 172 2002 cuius
191 1954 318 2006 immensi
338 1958 430 2024 operis
449 1956 525 2008 fama
544 1957 691 2008 territaret.
735 1955 790 2009 Sed
810 1972 890 2008 avum

94 2041 183 2077 meum
194 2035 350 2085 narrantem
365 2048 432 2100 puer·
447 2032 605 2095 audiebam,
628 2046 739 2082 causam
751 2032 844 2099 operis
856 2032 891 2084 ab

94 2102 272 2153 interioribus
283 2107 382 2157 aulicis
396 2107 547 2174 proditam,
569 2107 642 2174 quod
653 2104 819 2173 Thrasyllus
835 2121 890 2156 ma-

94 2173 258 2228 thematicus
269 2182 352 2232 anxio
364 2181 397 2232 dc
408 2197 566 2233 successore
577 2181 705 2245 Tiberio,
720 2181 786 2233 etin
796 2197 889 2233 verum

94 2257 220 2316 nepotem
233 2256 372 2320 proniori,
389 2257 564 2321 affirmasset,
575 2273 627 2310 aon
637 2255 724 2326 magis
736 2254 832 2307 Caium
842 2255 889 2308 im·

90 2329 888 2398 paratarum,qaamperliar'aoomsinnmeqaisdiscurmrum.

150 2401 212 2452 XX.
233 2401 329 2456 Edidit
339 2411 366 2457 et
376 2421 488 2474 peregre
498 2407 669 2474 spectacula:
689 2407 718 2457 in
729 2405 828 2458 Sicilia
839 2406 888 2474 Sy·

94 2476 201 2526 racusis
212 2478 315 2531 asticos
326 2481 415 2546 ludos,
427 2488 454 2534 et
464 2482 492 2532 in
499 2480 592 2534 Gallia
597 2481 728 2548 Lugduni
737 2481 888 2534 miscellosr

94 2548 143 2598 sed
157 2556 184 2600 et
199 2558 335 2607 certamen
349 2573 458 2626 qnoque
473 2555 596 2609 Graecae
607 2556 779 2624 Latinaeque
795 2556 889 2609 lacun-

95 2621 171 2685 diae;
183 2641 237 2691 (1110
249 2635 396 2685 certamine
406 2632 497 2684 lenmt
505 2632 657 2686 vittorihus
668 2633 792 2699 praemia
800 2633 889 2685 victos

96 2698 257 2766 conmisso,
278 2710 427 2760 eonmdem
442 2715 469 2760 et
478 2708 574 2762 laudes
586 2722 750 2776 componere
762 2714 887 2767 coactam
