2050 3034
300 273 505 324 CALIGULA.
543 269 621 322 UAP.
640 279 722 324 6-9.
856 273 907 327 161

108 399 269 466 mendacio,
291 401 366 470 quod
381 406 443 452 ante
457 415 557 451 aunum
572 399 630 451 iere
644 403 725 450 uatus
742 399 905 454 Germanico

108 479 185 529 iilius
196 477 296 528 Tiburi
305 476 400 540 fuerit,
420 476 574 545 appellatus
586 476 682 544 etipse
694 476 723 526 C.
736 475 851 526 Caesar:
873 478 906 530 de

109 554 189 604 cuitu
205 551 320 603 amabili
332 553 452 620 pueritie
467 551 669 618 immaturoque
684 550 763 601 obitu
773 567 856 619 supra
866 552 906 602 di·

106 629 209 679 ximus.
249 626 367 685 Plinium
380 627 472 695 arguit
486 627 559 678 ratio
574 632 737 695 temporum.
776 625 847 677 Nam
859 628 907 694 qui

107 719 153 754 res
163 702 281 769 Augusti
291 701 439 754 memoriae
454 701 630 765 mandarunt,
653 700 846 752 Germanicum
861 719 905 752 ex-

109 783 173 829 acto
186 777 331 828 consulatu
340 777 370 827 in
382 775 503 827 Galliam
512 777 626 828 missum
640 778 826 840 consentiunt,
849 778 905 827 iam

106 858 175 904 nato
197 851 275 902 Gaio.
314 851 372 903 Nee
391 850 476 902 Plinii
497 853 652 919 opinionem
673 852 818 920 inscriptio
840 867 905 903 arae

109 928 257 994 quicquam
278 925 425 992 adiuverit,
447 942 530 995 quum
544 927 695 993 Agrippina
714 928 757 977 bis
772 928 801 977 in
815 944 848 978 ea
864 944 904 978 re-

106 1003 190 1070 gione
206 1001 279 1052 filias
295 1002 376 1052 enixa
389 1002 439 1066 sit,
461 1008 489 1053 et
503 1002 700 1070 qualiscunque
714 1008 823 1067 partus,
845 1003 904 1052 sine

105 1077 164 1128 ullo
176 1091 258 1128 sexus
270 1076 439 1141 discrimine,
446 1075 616 1144 puerperium
626 1080 751 1138 vocetur3
772 1075 846 1142 quod
858 1091 904 1126 an·

107 1153 179 1220 tiqui
188 1152 274 1203 etiam
283 1151 389 1220 puellas
395 1167 507 1218 pueros,
523 1151 595 1202 sieut
609 1157 637 1201 et
646 1165 746 1219 pueros
753 1151 852 1218 puellos
864 1151 904 1201 di·

106 1229 246 1278 ctitarent.
285 1225 384 1278 Exstat
397 1232 426 1278 et
438 1227 555 1294 Augusti
570 1226 701 1294 epistola,
722 1231 784 1276 oute
799 1241 903 1294 paucos

107 1317 190 1370 qnam
203 1301 293 1353 obiret
302 1317 407 1352 menses
424 1301 459 1352 ad
468 1301 648 1371 Agrippinam
662 1306 770 1369 neptem
784 1301 826 1351 ita
836 1301 903 1352 scri-

106 1382 156 1444 pta
170 1376 204 1427 de
216 1376 284 1428 Caio
295 1375 349 1428 hoe
363 1379 462 1444 (neque
477 1377 549 1428 enim
560 1377 704 1445 quisquam
714 1377 770 1427 iam
781 1377 852 1428 alius
862 1377 903 1427 in·

106 1451 169 1502 fans
187 1451 299 1503 nomine
318 1453 381 1519 pari
399 1457 465 1502 tune
485 1455 651 1520 supereratlr
677 1451 794 1520 Puerum
811 1451 904 1504 Ouium

107 1525 299 1592 quintodecimo
309 1523 444 1578 Kalendas
455 1525 539 1591 durtii,
550 1521 578 1578 si
584 1526 623 1578 dii
630 1529 728 1589 uolent,
740 1536 772 1578 ut
781 1527 904 1579 ducerent

110 1599 235 1652 Talarius
255 1610 282 1653 et
296 1601 418 1667 Asellius,
440 1599 499 1653 beri
517 1619 576 1654 eum
594 1601 634 1653 bis
650 1601 783 1654 consului.
823 1599 904 1652 Mitto

101 1683 245 1744 praetereo
256 1692 315 1728 eum
326 1693 355 1728 eo
365 1694 396 1728 ex
407 1677 486 1728 seroie
496 1677 560 1730 meir
570 1677 709 1740 medicum,
726 1693 801 1745 quem
812 1676 906 1744 scripsi

108 1751 276 1816 Germanico,
289 1751 313 1802 si
320 1753 401 1815 uellet,
413 1760 445 1805 ut
453 1753 586 1805 retineret.
612 1752 724 1818 Volebin
735 1769 794 1804 meu
804 1753 902 1823 Agrip-

10 1865 11 1870 ,
100 1827 178 1895 pino,
191 1835 219 1878 et
227 1826 301 1879 dubis
312 1843 424 1896 operum,
436 1836 468 1878 ut
476 1830 563 1878 uolens
568 1825 707 1894 pervenies
718 1829 754 1878 ad
765 1827 902 1880 Germani·

106 1918 166 1954 eum
187 1911 269 1954 tuum.
308 1903 421 1954 Abunde
442 1903 563 1953 arbitror
582 1908 689 1969 patere,
709 1919 766 1954 non
779 1904 904 1972 potuisse

104 1979 146 2029 ibi
156 1979 236 2029 nasei
247 1977 356 2042 Caium,
378 1993 432 2045 quo
447 1992 534 2046 prope
549 1977 668 2028 bimulus
684 1977 790 2028 demum
805 1977 903 2046 perdu-

106 2059 166 2115 ctus
178 2053 214 2104 ab
225 2052 297 2104 Urbe
309 2053 354 2104 sit.
378 2052 585 2106 versiculorum
597 2067 706 2121 quoque
716 2052 796 2104 fidem
808 2053 903 2104 eadem

106 2126 176 2179 baec
196 2127 317 2190 elevant3
341 2133 369 2180 et
388 2145 421 2180 eo
437 2129 561 2194 facilius,
584 2129 658 2196 quod
673 2127 702 2180 hi
716 2129 774 2179 sine
790 2135 903 2181 auctore

107 2209 179 2254 sunt,
220 2201 365 2272 Sequenda
374 2204 460 2270 igitur
470 2211 524 2270 est,
537 2220 607 2273 quae
618 2203 679 2256 sola
689 2209 787 2270 restat,
799 2205 904 2274 publici

106 2279 283 2330 instrumenti
298 2279 462 2344 aridoritas,
483 2281 645 2347 praesertim
660 2296 742 2349 quum
758 2281 840 2332 Caius
850 2281 903 2330 An·

106 2354 190 2418 tium,
202 2353 331 2406 omnibus
341 2369 448 2422 semper
459 2354 528 2406 loeis
539 2362 621 2424 atque
632 2357 785 2408 secessibus
796 2354 902 2424 praela·

106 2433 178 2492 tum,
193 2443 251 2480 non
262 2428 343 2480 alitor
354 2443 435 2496 quam
445 2430 538 2482 natale
549 2431 639 2483 solum
650 2431 789 2493 dilexerit3
810 2430 903 2480 treda-

106 2507 208 2572 turque
227 2505 310 2556 etiam
331 2504 422 2556 sedem
443 2501 476 2554 ao
495 2505 664 2558 domicilium
685 2506 795 2574 imperii
808 2504 901 2556 taedio

106 2577 190 2630 Urbis
200 2577 350 2630 transferre
361 2595 393 2630 eo
406 2578 566 2632 destinasse.

161 2652 212 2704 lx.
234 2653 376 2720 Caligulae
398 2653 704 2722 cognomeneostrensi
723 2653 787 2704 ioco
807 2652 901 2715 traxit,

105 2727 172 2797 quia
191 2728 378 2798 manipulario
398 2725 496 2779 babitu
514 2729 586 2780 inter
603 2727 705 2778 milites
725 2727 902 2778 educabatur.

102 2803 186 2872 Apud
202 2805 274 2871 quos
288 2807 419 2872 quantum
432 2809 575 2874 praeterea
584 2818 634 2872 per
644 2799 714 2855 banc
724 2801 898 2856 nutrimento⁴

138 2883 287 2942 suares.
675 2897 695 2941 L
