2026 3020
281 181 532 234 ocrnvlsNUS.
569 188 785 235 GAP.65-68.
887 183 930 243 ‚89

128 327 184 380 que
195 311 295 363 dolore
307 309 488 375 dissimulato,
500 312 526 362 si
535 312 646 379 parcius
658 317 707 363 aut
717 311 787 364 citra
796 311 929 366 honorem

126 388 287 450 verborum,
298 403 386 454 neque
396 386 509 453 gaudio,
521 388 546 438 si
555 392 633 454 grate
643 389 743 454 pieque
754 388 815 454 quis
826 404 855 440 se
865 405 928 456 pro-

127 471 241 514 secutus
251 461 358 514 fnisset.
398 461 505 528 Legata
518 462 563 513 vel
575 467 669 529 partes
683 462 878 528 hereditatum,
912 479 928 514 a

127 539 337 606 quibuscunque
347 537 507 604 parentibus
517 537 615 589 relicta
625 539 688 601 sibi,
699 543 747 587 aut
757 536 850 588 statim
861 538 927 589 libe·

126 615 167 663 ris
178 629 274 664 eorum
286 612 448 676 concedere,
465 618 525 676 aut,
547 615 572 662 si
582 613 714 680 pupillari
726 618 816 664 aetate
827 621 926 676 essent,

127 688 173 738 die
183 687 274 738 virilis
283 685 367 754 togae
376 686 421 738 vel
430 689 586 754 nuptiarum
598 704 657 738 cum
668 689 837 739 incremento
848 689 926 739 resti-

125 770 204 814 tuere
216 768 405 814 consueverat.

183 836 297 888 LXVII.
317 836 455 888 Patronus
471 837 652 905 dominusque
666 854 720 889 nou
742 839 831 890 minus
851 851 925 890 seve-

125 929 186 976 rus,
209 928 292 980 quam
303 913 395 962 facilis
410 919 437 964 et
452 912 582 976 clemens,
603 913 705 964 multos
719 912 881 966 libertorum
895 915 924 963 in

125 987 232 1038 honore
243 993 271 1039 et
279 1001 332 1038 usu
341 988 461 1038 maximo
473 985 581 1048 habuit,
603 993 634 1036 ut
643 985 794 1049 Licinium,
809 988 924 1039 Encela-

126 1062 200 1126 dum,
213 1062 349 1130 aliosque.
389 1063 518 1114 Cosmum
530 1076 649 1124 servum,
670 1061 832 1127 gravissime
847 1062 880 1112 de
895 1079 924 1113 sc

128 1139 299 1204 opinantem,
320 1154 376 1188 non
394 1137 469 1187 ultra
490 1151 571 1204 quam
593 1135 771 1202 compedibus
792 1137 922 1188 coercuit.

125 1212 291 1264 Diomedem
313 1213 544 1280 dispensatorem,
567 1227 651 1279 aquo
667 1211 750 1262 simul
766 1211 923 1284 ambulante

124 1288 279 1338 incurrenti
288 1292 399 1354 repente
409 1287 468 1338 iero
481 1302 548 1354 apro
564 1302 614 1354 per
623 1291 725 1338 metum
737 1287 861 1338 obiectus
872 1293 921 1351 est,

124 1363 226 1412 maluit
234 1363 393 1413 timiditatis
405 1377 518 1429 arguero
530 1377 611 1428 quam
621 1376 725 1424 noxac3
746 1379 857 1433 remque
867 1379 923 1414 non

123 1438 234 1488 minimi
243 1437 371 1504 periculi,
393 1438 459 1504 quia
471 1443 563 1488 tamen
573 1437 650 1488 fraus
662 1439 770 1502 aberat,
791 1439 820 1489 in
830 1440 922 1490 iocum

123 1513 217 1562 vertit.
261 1511 334 1563 ldem
360 1511 507 1562 Proculum
532 1527 565 1564 ex
590 1513 789 1579 acceptissimis
815 1515 922 1564 libertis

124 1588 198 1638 mori
209 1587 309 1653 coegit,
323 1593 489 1654 compertum
502 1587 657 1638 adulterare
668 1593 822 1637 matronas:
838 1585 921 1640 Thal·

122 1662 162 1726 lo,
175 1677 192 1712 a
201 1677 295 1725 manu,
307 1662 381 1730 qnod
391 1677 441 1730 pro
453 1663 571 1728 epistola
580 1663 693 1728 prodita
703 1662 833 1713 denarios
844 1663 921 1728 qnin-

123 1742 223 1803 gentos
234 1733 398 1803 accepisset,
415 1751 494 1786 crura
509 1737 626 1802 effregit.
665 1737 860 1805 Paedagogum
871 1739 920 1788 mi·

123 1812 283 1878 nistrosque
290 1811 351 1862 Caii
360 1813 420 1874 lilii,
427 1827 476 1878 per
487 1811 661 1862 occasionem
670 1813 837 1863 valetudinis
848 1827 920 1864 mor-

122 1887 215 1953 tisque
226 1887 285 1938 eius
297 1887 413 1953 superbe
428 1899 562 1950 avareque
576 1887 605 1935 in
616 1887 759 1950 provincia
769 1893 920 1952 grassatos,

124 1963 248 2012 oneratis
262 1963 340 2027 gravi
358 1960 478 2029 pondere
499 1960 663 2022 corvicibus,
684 1961 878 2027 praecipitavit
892 1962 920 2010 in

122 2037 234 2088 flumen.

181 2109 307 2162 LXVlll.
328 2110 542 2162 Piimaiuventa
552 2110 692 2160 variorum
704 2109 869 2162 dedecorum
879 2109 920 2162 in·

123 2186 243 2238 famiam-
252 2186 346 2236 subiit.
385 2185 446 2237 Sex.
458 2185 606 2253 Pompeius
622 2201 682 2237 eum
693 2193 724 2236 ut
734 2185 921 2240 effeminatum

122 2263 278 2312 insectatus
297 2267 350 2311 est:
379 2261 419 2310 Μ.
439 2263 573 2312 Antonius
594 2262 771 2330 adoptionem
793 2262 922 2315 ammonit

124 2341 222 2404 stupro
238 2337 378 2386 meritum:
398 2337 463 2386 item
478 2335 594 2400 Lucius,
615 2337 706 2388 Marci
719 2338 818 2400 frater,
841 2337 922 2402 quasi

123 2411 302 2479 pudicitiam,
319 2410 467 2461 delibatam
479 2426 495 2460 a
507 2411 637 2477 Caesare,
649 2413 680 2463 A.
692 2414 775 2462 etiam
785 2412 880 2461 Hirtio
891 2412 921 2460 iu

121 2485 264 2552 Hispania
275 2485 341 2535 000
351 2486 473 2536 millibus
486 2486 625 2537 nummiim
640 2486 833 2545 substraverit3
854 2484 920 2535 soli-

122 2570 224 2628 tusque
235 2562 272 2611 sit
282 2576 362 2611 crura
373 2562 503 2611 suburere
513 2575 581 2611 nuce
597 2560 716 2623 ardenti,
738 2576 792 2626 quo
808 2559 921 2610 mollior

122 2637 199 2703 pilus
210 2641 342 2703 surgeret.
381 2635 435 2687 Sed
450 2640 477 2685 et
490 2636 609 2701 populus
624 2635 762 2701 quondam
777 2636 921 2686 universus

124 2711 256 2764 ludorum
271 2712 315 2762 die
330 2717 357 2762 et
371 2710 477 2778 accepit
490 2710 520 2759 in
536 2707 729 2762 contumeliam
743 2711 814 2775 eius,
836 2716 864 2762 et
878 2724 919 2758 as·
