2050 3034
247 223 451 275 CALIGULA.
487 227 563 276 CAP.
583 228 697 278 18—22.
820 231 870 286 169

72 369 119 406 eos
135 358 241 417 autem,
263 351 312 422 qui
331 354 448 406 maxime
467 354 684 422 displicuissent,
706 355 810 422 scripta
820 371 871 408 sua

71 429 192 497 spongia
202 428 331 497 linguave
342 429 433 481 delere
443 431 544 495 iussos,
555 430 611 480 nisi
619 429 716 480 ferulis
729 431 870 497 obiurgari

71 511 119 554 aut
130 503 243 556 iluuriue
254 505 380 571 proximo
392 507 478 572 mergi
489 505 658 556 maluissent.

124 579 201 629 XXI.
224 579 315 646 Opera
325 581 375 630 sub
386 581 500 631 Tiberio
513 580 716 648 semiperfecta,
737 581 868 648 templum

67 655 187 720 Augusti
195 651 387 720 theatrumque
397 654 535 722 Pompeii,
557 655 685 708 absolvit.
724 654 869 707 lncboavit

68 735 161 780 antem
172 727 373 796 aquaeductum
389 731 501 796 regione
512 731 634 795 Tiburti,
656 738 683 783 et
697 730 866 798 amphithea-

66 811 139 854 trum
150 805 231 854 iuxta
241 802 337 870 Septa;
358 819 474 872 quorum
486 821 599 873 operum
610 801 796 858 a'successore
807 808 865 858 eius

69 879 187 930 Claudio
210 879 326 930 alterum
347 887 500 946 peractum,
526 883 656 932 omissum
678 882 794 934 alterum
814 889 863 936 est.

69 953 217 1022 Syracusis
229 953 353 1024 collapsa
362 960 497 1008 vetustate
512 957 622 1008 moenia
637 957 804 1025 deorumque
820 972 863 1008 ae·

68 1029 115 1080 des
129 1028 260 1080 refectae.
299 1029 493 1081 Destinaverat
513 1037 541 1082 et
556 1030 633 1081 Sarni
646 1030 805 1097 Polycratis
824 1047 865 1082 re-

67 1106 141 1170 giam
150 1105 307 1169 restituere,
324 1105 414 1156 Mileti
425 1105 591 1172 Didymeum
602 1119 744 1172 peragere,
760 1107 789 1156 iu
799 1107 865 1172 iugo

68 1180 178 1246 Alpium
189 1179 285 1230 urbem
297 1179 426 1243 condere,
448 1181 496 1231 sed
513 1186 576 1231 ante
591 1181 685 1231 omnia
695 1179 827 1232 Isthmum
837 1183 864 1231 in

67 1249 173 1305 Achaia
188 1253 346 1320 perfodere3
370 1256 536 1322 miseratque
551 1257 607 1306 iam
624 1256 659 1306 ad
670 1256 864 1307 dimetiendum

67 1345 139 1396 opus
148 1329 347 1396 primipilarem
360 1330 465 1382 Caium.

123 1403 212 1454 xxti.
233 1403 373 1455 Hactenus
386 1406 466 1474 quasi
477 1405 509 1458 dc
521 1407 656 1474 principe;
671 1407 778 1474 reliqua
789 1413 819 1458 ut
830 1408 862 1458 de
908 1402 914 1413 '

66 1485 192 1530 monstro
208 1479 347 1530 narranda
367 1487 438 1532 sunt.
479 1482 672 1548 Compluribus
693 1484 881 1549 cognomini·

64 1555 119 1605 bus
131 1555 291 1621 assumptis,
314 1558 389 1619 (nem
399 1563 427 1607 ot
437 1555 514 1619 Pius,
532 1563 559 1608 et
570 1556 724 1608 Castrorum
731 1557 820 1626 filius,
837 1567 863 1625 et

66 1629 154 1679 Pater
164 1629 338 1692 exercituum,
355 1637 382 1682 et
394 1628 515 1698 Optimus
526 1629 661 1684 Maximus
673 1631 771 1682 Caesar
780 1646 861 1683 voca·
934 1670 938 1674 .

65 1705 171 1768 batum)
184 1719 267 1772 quum
279 1705 388 1757 audiret
396 1705 469 1759 forte
479 1723 571 1774 reges,
583 1709 632 1776 qui
642 1708 728 1758 officii
739 1723 822 1759 causa
832 1709 860 1757 in

66 1780 168 1831 Urbem
180 1779 357 1845 advenerant,
379 1783 655 1849 concertantesapud
670 1797 698 1833 se
709 1797 791 1850 snper
802 1797 862 1833 coe-

64 1871 128 1906 num
140 1854 174 1905 de
184 1855 331 1907 nobilitate
340 1858 460 1924 generis,
481 1856 658 1907 exclamavit:
685 1847 730 1910 Εἷς
744 1854 862 1921 κοίρανος

65 1928 136 1988 ἔστω,
151 1921 323 1991 sterculus.
362 1932 419 1982 Nec
434 1931 548 1982 multum
563 1930 665 1992 abfuit,
688 1931 753 1996 quin
769 1931 862 1980 statim
938 1965 942 1974 ·

65 2005 195 2056 diadema
214 2011 346 2070 sumeret,
366 2007 538 2074 speciemque
553 2004 723 2073 principatus
742 2005 771 2054 in
785 2005 863 2070 regni

63 2080 182 2132 tonnam
194 2086 373 2132 converteret.
412 2081 514 2133 Verum
530 2080 699 2142 admonitus,
721 2084 748 2130 et
763 2079 862 2146 prinei-

64 2171 126 2223 pum
138 2162 167 2207 et
174 2171 270 2224 regum
281 2171 310 2206 se
321 2159 469 2209 excessisse
480 2157 635 2224 fastigium,
652 2155 772 2206 divinam
784 2170 817 2206 ex
828 2171 860 2207 eo

63 2231 235 2283 maiestatem
248 2243 370 2283 asserere
385 2233 440 2283 sibi
454 2234 554 2302 coepit.
594 2232 724 2299 Dotoque
738 2233 860 2299 negotio,

62 2313 92 2356 ut
105 2307 257 2358 simulacra
272 2308 426 2371 muninum,
447 2308 581 2376 religione
596 2314 624 2360 et
638 2313 697 2358 arte
707 2307 860 2375 praeclara,

61 2381 133 2450 inter
147 2397 219 2450 quae
236 2381 359 2450 Olympii
369 2382 454 2445 lovis,
477 2389 689 2451 apportarentur
702 2399 717 2434 e
732 2381 859 2441 Graecia,

63 2458 162 2524 quibus
173 2458 265 2524 capite
276 2457 385 2525 dempto
397 2473 476 2510 suurn
486 2459 681 2526 imponeretur,
693 2464 798 2525 partem
808 2454 859 2505 Pa-

61 2531 122 2584 latii
133 2532 273 2584 odiorum
286 2547 373 2599 usque
387 2534 538 2599 promovit,
560 2541 642 2602 atque
656 2531 724 2583 aede
736 2529 860 2582 Castoris

61 2613 88 2657 et
102 2606 228 2660 Pollucis
248 2607 278 2657 in
296 2607 460 2659 vestibulum
475 2611 686 2676 transfigurata,
707 2605 860 2656 consistens

61 2695 144 2749 saepe
153 2684 227 2734 inter
237 2681 336 2734 iratres
347 2682 414 2733 deos
424 2683 530 2733 medius
542 2680 714 2734 adorandum
724 2679 859 2731 seadeun-

59 2757 133 2809 tibus
144 2757 306 2822 exhibebat;
318 2763 345 2808 et
355 2757 467 2825 quidum
479 2773 540 2809 cum
551 2754 689 2806 Latiarem
697 2751 785 2806 Ireem
796 2767 860 2806 conv
