2036 3022
92 232 143 286 26⁰
368 231 395 276 G.
422 228 613 278 SUETONII
670 251 673 258 ·

93 355 214 409 hominis
226 354 357 406 cervicem
367 354 454 406 inseri
463 353 570 419 furcae,
586 337 689 420 corpus
700 348 786 418 uirgis
798 345 837 400 ad
845 364 894 402 ne-

94 448 153 485 cem
165 431 257 493 caedi3
278 430 457 494 conterritus,
473 429 543 482 duos
554 429 700 498 pugiones,
716 440 786 494 quos
797 440 893 477 secum

92 507 207 571 tulerat,
229 505 357 573 arripuit,
378 510 537 574 tentataque
550 505 694 572 utriusque
714 501 773 553 acie
793 516 891 552 rursus

93 582 230 646 condidit,
253 586 394 644 causatus,
414 580 529 632 noudum
547 580 635 632 odem
648 577 765 650 fatalem
785 575 890 628 horum.

92 659 132 709 Ac
141 657 224 708 modo
237 655 355 724 Sporum
365 653 543 720 hortabatur,
562 660 593 706 ut
606 652 753 705 lamentari
768 667 802 704 ac
812 651 892 719 plan-

93 747 157 802 gere
167 732 312 798 inciperet;
331 728 415 782 modo
428 729 540 795 orabat,
560 735 592 781 ut
605 745 634 781 se
649 728 750 795 aliquis
766 726 804 776 ad
818 742 894 778 mor·
974 790 977 795 .
1005 789 1006 792 Ἴ

92 815 149 858 ιοιιι
164 804 359 873 capessendam
373 805 499 873 exemplo
514 806 633 867 iuvaret3
652 802 790 854 interdum
801 801 894 870 segni·

93 883 160 946 tiam
170 896 248 932 suam
259 878 302 930 his
312 878 403 931 verbis
412 880 586 948 increpabat:
612 877 677 930 Viuo
692 875 850 948 dfforme'ter
860 893 894 927 ac

95 955 223 1024 turpiter:
241 949 271 1003 οὗ
287 953 382 1021 πρέπει
394 953 509 1022 Νέρωνι,
529 951 560 1002 οὐ
576 952 683 1020 πρέπει·
704 947 796 1016 νήφειν
811 950 853 1000 δεῖ
866 949 893 998 ἐν

96 1035 150 1086 τοῖς
159 1027 304 1086 τοιούτοις·
319 1025 374 1094 ἄγε,
383 1029 462 1098 ἔγειρε
473 1025 590 1079 σεαυτόν.
604 1027 716 1095 lamque
727 1027 835 1094 equites
846 1039 894 1092 ap-

95 1108 332 1175 propinquabant,
354 1106 453 1172 quibus
467 1110 645 1174 praeceptum
658 1109 731 1168 erat,
750 1108 782 1154 ut
801 1102 895 1153 vivum

96 1197 158 1232 erun
169 1180 346 1234 attraherent.
363 1179 444 1242 Quod
453 1186 485 1231 ut
494 1177 587 1244 sensit,
597 1177 768 1247 trepidanter
778 1176 896 1228 effatus:

147 1249 251 1306 Ἵππων
260 1251 284 1316 μ’
298 1249 438 1304 ὠκυπόδων
448 1251 517 1314 ἀμφὶ
527 1249 625 1310 κτύπος
636 1249 722 1300 odoror
729 1249 831 1314 βάλλει,

96 1331 198 1384 ferrum
209 1331 305 1399 iugulo
317 1329 418 1398 adegit,
429 1331 540 1382 iuvante
549 1327 741 1398 Epaphrodito
755 1344 772 1378 a
781 1325 896 1380 libellis.

38 1411 41 1416 ‘
99 1406 327 1473 Semianimisque
338 1403 428 1456 adhuc
437 1405 600 1472 irrumpenti
610 1403 779 1467 centurioni,
793 1407 897 1471 etpae-

11 2837 64 2968 h

97 1481 164 1534 nula
175 1481 210 1532 ad
219 1481 319 1532 vulnus
330 1480 466 1548 apposita,
471 1481 501 1530 in
512 1480 645 1532 auxilium
655 1479 801 1532 sevenisse
812 1478 895 1529 simu·

96 1556 180 1621 lanti,
194 1572 251 1608 non
262 1555 337 1607 aliud
347 1555 503 1623 respondit,
519 1571 613 1624 quam,
631 1553 706 1617 Sero,
719 1560 758 1619 et,
770 1552 847 1604 Haec
857 1557 896 1602 eat

92 1630 170 1704 fides.
210 1631 338 1701 Atquein
348 1645 382 1681 ea
391 1645 459 1682 uoce
471 1629 584 1695 deiecit,
600 1630 771 1681 exstantibus
781 1627 895 1696 rigenti·

98 1708 203 1776 busque
215 1705 303 1756 oculis
313 1703 447 1771 usquead
461 1701 604 1758 horrorem
614 1704 846 1771 formidinemque
855 1701 896 1754 vi-

97 1782 224 1832 sentium.
263 1777 341 1832 Nihil
354 1780 432 1848 prius
447 1787 495 1835 aut
508 1781 597 1848 magis
613 1796 631 1830 a
641 1780 788 1832 comitibus
800 1793 896 1845 exege-

97 1861 150 1922 rat,
162 1871 244 1926 quam
254 1871 288 1907 ne
298 1861 421 1925 potestas
433 1857 561 1925 cuiquam
572 1855 670 1922 capitis
681 1856 726 1906 sui
735 1855 826 1918 lieret,
847 1850 896 1904 sed

96 1939 141 1997 ut,
162 1947 274 2002 quoquo
289 1931 386 1996 modo,
407 1937 482 1984 totus
498 1937 672 1982 cremaretur.
711 1928 896 1996 Permisitque

97 2005 151 2058 hoc
161 2007 263 2072 Icelus,
279 2004 385 2058 Galbae
396 2007 524 2070 libertus,
538 2021 594 2056 non
605 2006 691 2058 multo
704 2011 767 2056 ante
776 1999 895 2056 vinculis

99 2083 249 2146 exsolutus,
259 2082 290 2132 in
301 2097 371 2149 quac
381 2083 470 2150 primo
481 2080 601 2132 tumultu
611 2081 751 2132 coniectus
761 2079 863 2132 fuerat.

154 2155 189 2208 L.
208 2157 363 2208 Funeratus
378 2157 557 2222 estimpensa
573 2155 754 2207 ducentorum
768 2155 895 2215 millium,

100 2231 230 2298 stragulis
245 2231 316 2282 albis
332 2247 400 2282 arno
415 2231 540 2294 intextis,
562 2231 662 2298 quibus
679 2247 747 2281 usus
760 2228 896 2282 Kalendis

98 2307 222 2358 ianuarii
232 2305 331 2357 fuerat.
371 2305 513 2373 Reliquias
523 2305 627 2374 Ecloge
638 2303 838 2357 etAlexandria
847 2319 896 2354 nu-

98 2382 182 2434 trices
198 2397 259 2432 cum
273 2381 339 2432 Acte
355 2381 508 2431 concubina
524 2380 622 2447 gentili
636 2380 823 2440 Domitiorum
839 2377 898 2430 nio·

99 2462 228 2512 numento
250 2454 443 2518 condiderunt,
474 2455 549 2521 quod
573 2453 743 2522 prospicitur
762 2473 777 2507 e
798 2469 897 2521 campo

98 2529 202 2581 Martio
213 2529 372 2596 impositum
385 2529 451 2580 colli
461 2526 613 2582 hortorum.
632 2530 663 2580 ln
673 2547 706 2582 eo
718 2535 896 2582 monumento

101 2603 201 2655 solium
211 2603 405 2672 porphyretici
415 2605 573 2668 marmoris,
589 2612 762 2673 superstante
772 2603 899 2657 Lunensi

102 2690 158 2738 ara,
171 2679 381 2745 circumseptum
393 2684 434 2730 est
444 2679 537 2746 lapide
548 2677 664 2733 Thasio.

112 2817 113 2822 Ἰ
156 2748 204 2802 Ll.
224 2751 399 2804 Statruafuit
412 2769 499 2822 paene
512 2754 599 2821 iusta,
614 2771 737 2826 corpore
753 2753 898 2818 maculoso
