2026 3020
230 266 493 314 ocusvrANus.
530 269 608 314 CAP·
629 271 745 318 29-31,
853 269 885 322 67

84 397 185 446 tatum.
228 392 290 452 Quo
306 396 396 443 autem
410 391 522 443 leoffius
535 390 657 460 undique
668 395 739 445 Urbs
755 396 886 462 adiretur,

85 470 236 534 desumpta
246 467 443 519 silaiFlaminia
453 468 628 520 viadrimino
639 475 719 520 tenus
730 471 886 536 mrurienda,

85 545 212 610 reliquas
232 539 444 610 triumphalibus
464 544 531 594 viris
552 559 585 594 ex
603 543 757 595 manubiali
772 549 889 613 penuria

86 618 250 670 sternendas
265 618 415 670 dumont.
454 618 542 670 Aedes
561 635 655 670 sacras
675 625 810 672 vetustate
832 619 887 672 col-

87 695 182 761 lapsas
193 699 243 744 aut
252 693 383 744 isreeudio
395 691 554 760 absumptas
565 694 674 758 reiecit3
695 711 796 763 easque
808 702 836 747 et
846 709 887 748 cc·

86 776 160 820 toras
176 767 395 836 opulentissimis
410 768 491 820 donis
506 768 664 822 adornant:
685 777 781 838 utpote
796 773 887 838 quiin

87 843 186 895 cellam
198 843 352 910 Capitolini
365 841 440 894 loris
455 845 591 895 sexdecim
606 844 695 895 millia
709 845 802 912 pondo
816 847 885 910 anri,

87 931 266 986 gemmasque
281 933 314 968 ae
328 918 491 984 margaritas
507 919 678 986 quingenties
694 921 750 974 HS.
766 935 822 972 una
837 922 885 972 do-

88 995 202 1046 natione
213 993 370 1044 oontrderit.

140 1067 246 1119 XXXI.
267 1067 417 1135 Postquam
431 1083 496 1119 vero
517 1069 708 1134 pontificatum
727 1070 885 1133 maximum,

88 1157 169 1211 quem
192 1155 334 1210 nunquam
357 1143 420 1193 vivo
441 1142 549 1209 Lepido
576 1143 684 1194 auferre
709 1144 885 1208 sustinuerat,

86 1225 199 1270 mortno
210 1217 318 1269 demum
330 1219 458 1284 suscepit,
471 1217 602 1285 quicquid
612 1218 790 1270 fatidicorum
802 1217 886 1270 libro-

87 1309 148 1344 rum
158 1292 263 1344 Graeci
274 1293 422 1359 Latinique
432 1294 550 1360 generis,
566 1294 650 1344 nullis
665 1293 709 1346 vel
718 1306 815 1362 parum
825 1294 886 1346 ido-

86 1369 146 1420 neis
162 1368 337 1431 auctoribus,
351 1367 440 1434 ,vulgo
455 1367 607 1432 ferebatur,
628 1383 712 1436 supra
727 1370 783 1421 duo
797 1371 887 1420 millia

89 1449 234 1495 contracta
244 1443 365 1510 undique
377 1444 519 1505 cremavit;
541 1460 574 1494 ac
584 1443 660 1495 solos
671 1446 784 1496 retinuit
795 1445 885 1512 Sibyl-

88 1519 176 1578 linos3
195 1515 248 1569 hos
259 1530 369 1584 quoque
380 1517 487 1569 delectu
497 1517 606 1570 habito:
628 1519 806 1588 condiditque
818 1521 885 1570 duo-

87 1595 139 1645 lrus
149 1592 252 1645 forulis
264 1593 369 1644 auratis
383 1593 434 1644 snb
444 1591 566 1646 Palatini
577 1593 712 1661 Apollinis
723 1595 793 1644 basi.
833 1595 885 1644 An-

87 1683 152 1720 num
170 1683 187 1718 a
201 1667 237 1718 D.
254 1667 324 1719 lulio
347 1667 515 1733 ordinatum,
537 1668 698 1737 sedpostea
718 1667 886 1737 negligentia

87 1741 284 1796 contrubatum
299 1747 381 1810 atque
402 1743 557 1808 eonhrsum,
579 1760 673 1795 rursus
690 1745 724 1795 ad
740 1746 885 1813 pristinam

86 1813 226 1872 rationem
250 1818 368 1886 redegit:
385 1819 427 1868 'in
452 1820 529 1868 cuim
555 1820 729 1872 ordinatione
754 1819 885 1872 Sextilem

87 1909 234 1946 menseme
249 1909 300 1944 suo
317 1893 478 1960 cognomine
492 1895 673 1960 muncupavit,
694 1896 783 1960 magis
804 1910 886 1960 quam
928 1911 931 1918 ¹

86 1969 285 2037 Septembrem,
298 1983 352 2036 quo
364 1973 424 2020 erat
433 1971 526 2029 name,
540 1967 669 2034 quiahoc
680 1969 886 2036 sibietprimus

86 2045 249 2097 consulatus
261 2049 289 2096 et
298 2045 419 2110 insignes
429 2043 564 2093 victoriae
580 2042 751 2110 obtigissent.
791 2042 885 2094 Sacer·

88 2121 225 2172 detumet
238 2129 381 2170 numerum
395 2124 422 2170 et
437 2119 613 2186 dignitatem,
635 2118 683 2168 sed
698 2123 725 2168 et
741 2117 886 2169 commoda

8 2189 10 2198 ’
87 2197 178 2258 auxit3
200 2193 348 2262 praecipue
359 2192 511 2244 Vestalium
521 2193 666 2261 virginum.
703 2194 846 2262 erumque
857 2195 885 2245 in

8 2299 9 2302 =
87 2271 250 2322 demortuae
260 2267 352 2320 locum
363 2271 427 2336 capi
437 2270 520 2320 aliam
532 2275 685 2337 oporteret,
697 2271 886 2336 ambirentque

86 2346 175 2410 multi,
186 2358 223 2396 ne
233 2344 308 2394 filias
318 2343 347 2394 in
358 2350 459 2395 sortem
471 2344 580 2407 darent;
602 2346 748 2409 adirnavit,
762 2347 786 2396 si
797 2346 886 2396 euius-

86 2435 169 2489 quam
179 2419 305 2487 neptium
314 2431 426 2470 suarum
437 2426 602 2486 competeret
618 2426 706 2484 aetas,
730 2420 886 2471 oblaturum

85 2513 114 2548 se
124 2496 214 2548 itrisse
224 2506 296 2545 eam.
330 2493 471 2545 Nonnulla
482 2496 564 2544 etiarn
576 2511 609 2546 ex
621 2496 742 2561 antiquis
754 2495 886 2544 caerimo-

84 2573 153 2636 niis,
176 2569 324 2639 paullatim
339 2569 458 2629 abolita,
479 2570 611 2620 restituit:
635 2576 667 2618 ut
682 2566 786 2619 Salutis
803 2581 886 2632 augu·

84 2649 167 2710 rium,
174 2641 430 2705 Dialetlaminium‚
443 2643 585 2692 sacnrml
587 2643 723 2708 esperone,
735 2635 886 2694 ludossac-

84 2722 195 2774 culares
205 2725 235 2770 et
251 2717 464 2785 compitalicius.
503 2716 704 2782 Lupercalibus
718 2717 806 2766 vetuit
826 2731 886 2766 eur-

83 2813 144 2850 rere
154 2794 307 2848 ituberbesr
319 2793 383 2845 item
395 2791 583 2844 saecularibus
590 2791 662 2841 ludis
671 2791 886 2842 invenesutrins-

634 2882 682 2926 Ea
