2036 3022
308 249 528 298 VlTELLlUS.
565 252 684 298 cAP.a
705 254 727 298 b
867 246 917 299 289

119 391 165 430 ees
186 389 237 444 pro
258 375 379 427 remedio
400 375 521 428 fovebat.
560 375 635 427 Idem
654 374 719 427 miri
732 377 761 426 in
776 375 915 427 adulando

116 451 237 518 ingenii,
252 450 358 516 primus
373 450 403 503 G.
416 451 560 504 Caesarem
576 451 690 502 adorari
703 457 734 502 ut
749 451 828 502 deum
838 451 916 502 insti-

118 519 175 577 tu'it
186 542 193 588 ;
214 541 297 594 quum
312 541 436 578 reversus
447 542 481 580 ex
492 527 574 594 Syria
587 541 643 576 non
654 526 734 577 aliter
745 525 821 576 adire
833 541 916 576 ausus

119 606 206 664 esset,
237 616 319 666 quam
340 603 430 668 capite
448 601 554 666 velato,
586 601 849 669 circumuertensque
873 616 915 664 se,

119 675 220 727 deinde
239 677 430 742 procumbens.
471 677 628 742 Claudium,
643 677 777 728 moribus
796 675 915 727 libertis·

119 767 174 818 que
186 750 338 816 addictum,
348 768 382 802 ne
394 766 449 819 qua
458 767 514 802 uon
525 757 584 805 arte
594 752 784 816 demereretur,
796 765 847 820 pro
858 765 915 800 ma-

117 825 196 876 ximo
211 841 321 877 munere
336 841 353 876 a
367 825 518 877 Messalina
533 827 624 892 petiit,
639 832 670 878 ut
680 826 734 878 sibi
743 825 826 892 pedes
837 841 915 894 prac-

117 901 198 952 beret
208 900 420 952 excalceandos:
432 900 638 966 detractumque
643 901 785 952 socculum
790 901 913 953 dextrum

116 977 192 1027 inter
211 981 305 1043 togam
324 977 487 1044 tunicasque
506 976 624 1042 gestavit
644 975 771 1040 assidue,
791 991 914 1027 nonnun-

118 1065 204 1118 quam
219 1050 432 1102 osculabundus.
471 1049 597 1102 Narcissi
611 1065 720 1118 quoque
734 1056 762 1101 et
779 1048 914 1101 Pallantis

116 1125 253 1192 imagines
274 1141 372 1178 aureas
391 1127 464 1177 inter
477 1124 565 1176 Lares
586 1124 681 1176 coluit.
719 1123 811 1176 Huius
826 1132 853 1176 ct
864 1124 915 1176 illa

18 1237 23 1248 .
116 1214 175 1252 vox
184 1206 239 1251 est:
256 1199 338 1268 Saepe
346 1200 455 1272 facias!
469 1215 552 1270 quum
564 1199 719 1252 saeculares
729 1199 811 1251 ludos
823 1199 914 1254 edenti

118 1274 238 1327 claudio
249 1275 444 1342 gratularetur.
486 1317 488 1322 .

174 1349 222 1400 lll.
243 1349 369 1404 Decessit
379 1351 512 1418 paralysi,
525 1349 612 1402 altero
624 1350 668 1401 die
679 1365 760 1419 quam
772 1356 914 1418 correptus

118 1430 174 1490 est,
196 1426 304 1478 duobus
323 1425 389 1478 liliis
410 1425 612 1493 superstitibus,
634 1441 713 1494 quos,
735 1442 768 1478 ex
789 1426 914 1491 Sextilia,

117 1501 317 1568 probatissima
327 1518 377 1553 nec
386 1502 506 1569 ignobili
515 1499 626 1565 fendna,
633 1501 731 1568 editos,
738 1502 865 1554 consules
875 1503 914 1554 vi·

118 1577 170 1639 dit,
186 1582 213 1630 et
233 1576 343 1644 quidem
363 1577 460 1629 eodem
481 1577 577 1628 ambos
597 1582 713 1644 totoque
733 1593 814 1642 auno,
830 1593 914 1646 quum
1005 1626 1007 1630 .

116 1651 221 1702 maiori
229 1651 320 1716 minor
328 1653 359 1702 in
369 1667 417 1704 sex
427 1668 533 1705 menses
543 1652 728 1704 successisset.
748 1651 915 1706 Defunctum

116 1731 231 1778 senatus
246 1727 358 1794 publico
374 1727 469 1779 funere
485 1726 651 1779 honoravit:
673 1729 740 1780 item
754 1734 847 1780 statua
861 1744 912 1795 pro

115 1802 231 1866 rostris,
244 1819 304 1854 cum
314 1799 367 1861 hac
376 1802 564 1869 inscriptione,
576 1801 689 1854 Pietatis
699 1801 837 1855 immobilis
848 1821 913 1874 erga

111 1876 270 1945 priempere.
309 1877 394 1928 Aulus
404 1875 544 1940 Vitellius,
555 1875 589 1928 L.
601 1877 683 1940 lilius,
693 1878 853 1945 imperator,
863 1895 912 1930 na-

114 1961 162 2004 tus
174 1956 215 2004 est
226 1958 325 2004 octavo
335 1951 476 2004 Kalendas
487 1951 625 2016 Octobris,
636 1951 688 2015 vel,
698 1958 730 2004 ut
740 1953 860 2020 quidam,
871 1968 912 2006 se-

114 2029 204 2094 ptimo
223 2026 289 2078 ldus
309 2027 494 2094 Septembris,
514 2025 607 2087 Druso
629 2025 759 2091 Caesare,
778 2027 911 2080 Norbano

115 2103 220 2154 Flacco
236 2098 405 2154 consulibus.
446 2101 607 2154 Genituram
622 2102 694 2166 eius,
710 2102 880 2169 praedictam
895 2120 913 2155 a

115 2175 329 2242 mathematicis,
348 2178 390 2228 ita
409 2184 536 2246 parentes
556 2175 763 2242 erhonuerunt,
784 2184 816 2230 ut
834 2185 913 2248 pater

115 2267 284 2320 magnopere
298 2267 405 2318 semper
420 2252 601 2317 contenderit,
616 2269 650 2304 ue
660 2268 716 2323 qua
729 2254 756 2306 ei
769 2255 913 2320 provincia

94 2332 100 2352 ’
115 2328 181 2379 vivo
193 2343 222 2378 se
233 2328 461 2390 committeretur3
475 2334 563 2380 mater
573 2334 600 2380 et
610 2329 722 2381 missum
734 2329 769 2381 ad
779 2329 912 2396 legiones,

117 2411 145 2455 et
165 2402 333 2470 appellatum
352 2403 546 2468 imperatorem
564 2418 616 2482 pro
638 2403 739 2456 afflicto
760 2405 853 2456 statim
872 2403 913 2456 la-

115 2483 240 2532 mentata
258 2479 303 2530 sit.
342 2477 493 2530 Pueritiam
512 2479 682 2548 primamque
698 2479 912 2532 adolescentiam

118 2553 232 2618 Capreis
243 2553 300 2621 egit
308 2553 380 2604 inter
391 2553 541 2604 Tiberiana
551 2559 656 2618 scorta,
672 2561 699 2606 et
708 2555 768 2622 ipse
777 2561 910 2622 perpetuo

116 2627 252 2695 spinnu'ae
272 2629 434 2696 cognomine
454 2634 579 2693 notatus,
604 2629 830 2698 existimatusque
851 2646 910 2682 cor-

113 2703 195 2828 ibim
213 2703 305 2768 gratia
323 2703 434 2756 initium
453 2710 481 2756 et
495 2717 580 2756 causa
593 2703 823 2758 incrementorrnn
837 2708 911 2771 patri

157 2791 210 2828 sse.

150 2871 295 2917 Surror.
683 2874 703 2918 T
