2026 3020
212 234 341 282 lULlUS
369 233 523 282 CAESAR.
559 232 772 283 GKRM—40.
860 235 893 288 Μ

90 379 161 429 uus,
183 362 297 412 mimum
311 375 390 412 suum
405 361 475 428 egit,
496 360 669 427 donatusque
685 361 840 428 quingentis
851 374 892 414 se·

91 438 204 491 stertiis
215 441 243 488 et
255 436 356 488 annulo
373 450 471 499 aureo,
492 449 597 487 sessum
611 435 641 486 iu
657 437 891 502 quatuordecima

92 528 181 566 scena
191 527 241 578 per
250 509 419 564 orchestram
433 511 553 562 transiit.
594 510 781 575 Circensibus,
797 513 889 578 spatio

91 588 172 640 Circi
183 588 217 637 ab
227 592 343 655 utraque
353 592 432 656 parte
441 586 587 654 producto,
599 587 663 636 etin
674 601 772 654 gyrum
781 585 888 653 Euripo

91 663 202 727 addito,
214 662 364 730 quadrigas
374 661 507 729 bigasque
518 665 546 712 et
555 677 641 728 equos
652 661 820 713 desultorios
832 661 889 728 agi-

87 729 223 790 taverunt
236 737 405 790 nobilissimi
418 737 539 788 iuvenes.
578 737 693 788 'l'ruiam
712 737 779 788 lusit
797 745 890 788 tlirma

93 813 206 881 duplex,
217 813 354 864 maiorum
365 813 556 880 minouuuque
566 826 723 879 pueromm.
755 811 889 864 Venatio-

92 903 143 940 ues
155 887 247 940 editae
256 903 306 954 per
315 887 375 938 dies
385 887 518 954 quinque,
534 901 567 937 ac
582 887 730 940 novissime
745 903 837 956 pugna
849 887 889 938 di-

93 963 197 1014 risain
212 961 281 1013 duas
297 963 383 1024 acies3
404 961 548 1028 quingenis
563 962 714 1027 peditibus,
736 963 890 1030 elephantis

94 1038 213 1102 vicenis,
233 1037 347 1089 tricenis
361 1035 502 1104 equitibus
522 1033 586 1086 hinc
605 1037 706 1086 ctinde
726 1039 889 1088 commissis.

94 1113 168 1165 Nam
180 1127 234 1179 quo
246 1111 338 1163 laxius
348 1112 539 1176 dimicaretur,
555 1110 681 1162 sublatae
695 1115 796 1175 metae,
808 1113 891 1179 inque

96 1187 295 1240 carumlocum
304 1186 890 1238 binacastraexadversocoustitutaeraut.

95 1261 236 1325 Athletae,
262 1261 353 1312 stadio
375 1262 410 1311 ad
429 1268 537 1329 tempus
561 1267 699 1313 exstincto
725 1263 754 1313 in
779 1263 891 1331 regione

96 1337 196 1398 Martii
210 1337 313 1404 campi,
329 1341 501 1388 certaverunt
514 1353 564 1404 per
581 1338 710 1389 triduum.
749 1338 786 1389 Et
799 1339 890 1389 navali

97 1412 221 1483 proelio,
236 1413 265 1462 iu
280 1413 387 1464 minore
399 1412 504 1464 Codeta
518 1411 629 1465 defosso
640 1411 716 1478 lacu,
731 1414 849 1466 biremes
860 1430 893 1464 ac

97 1489 225 1540 trireme
240 1487 482 1555 quadriremesque
498 1488 602 1554 Tyriae
618 1489 808 1556 ctAegyptiae
824 1490 893 1540 clas-

99 1565 138 1616 sis
158 1577 260 1630 maguo
281 1567 464 1629 pugnatorum
484 1577 598 1614 uuurero
623 1563 813 1614 coullixeumt.
851 1563 892 1612 Ad

100 1655 171 1708 quae
182 1638 276 1688 omnia
286 1636 444 1704 spectacula
453 1643 560 1688 tautum
569 1639 691 1706 nudique
702 1637 836 1690 confluxit
845 1636 892 1688 bo-

98 1715 217 1776 minum',
227 1719 259 1764 ut
268 1712 393 1782 plerique
404 1713 525 1764 advenae
537 1719 585 1764 aut
594 1714 666 1765 inter
675 1715 753 1765 vicos
764 1720 813 1764 aut
822 1713 894 1764 inter

98 1792 159 1842 vias
179 1788 367 1840 tabernaculis
387 1788 487 1855 positis
506 1795 659 1853 manerent,
685 1805 718 1840 ac
731 1805 813 1856 saepe
827 1803 894 1857 prae

98 1865 182 1918 turba
192 1863 256 1915 elisi
266 1863 470 1930 exanimatique
481 1863 537 1913 sint
547 1863 671 1930 plurimi,
694 1865 764 1916 etin
779 1862 822 1915 his
838 1864 892 1915 duo

99 1945 251 1993 senatores.

155 2013 218 2066 XL.
239 2014 393 2066 conversus
407 2010 472 2064 binc
487 2011 522 2062 ad
534 2011 716 2062 ordinandum
726 2012 895 2079 reipublicae

100 2097 211 2154 statum,
222 2085 312 2141 fastos
322 2088 455 2152 correxit,
471 2087 527 2138 iam
538 2086 644 2158 pridem
654 2087 723 2137 vitio
734 2087 894 2154 pontificum

100 2181 150 2234 per
162 2163 348 2216 intercalandi
362 2162 502 2215 licentiam
518 2163 588 2214 adeo
603 2163 742 2228 turbatos,
762 2170 794 2214 ut
807 2179 895 2232 neque

101 2241 230 2293 messium
241 2238 329 2290 leriae
340 2245 546 2307 aestatemque
556 2239 754 2290 vindemiarum
762 2246 893 2290 autumno

103 2319 296 2383 competerent.
335 2315 494 2382 Aunumque
515 2314 551 2365 ad
572 2330 680 2366 cursum
700 2315 769 2366 solis
788 2330 895 2366 accom-

102 2390 239 2454 modavit,
258 2394 291 2440 ut
302 2394 487 2441 trecentorum
501 2391 646 2460 sexaginta
660 2390 779 2458 quinque
791 2389 895 2440 dierum

103 2472 181 2530 esset,
188 2463 408 2529 etintercalario
419 2481 512 2517 meuse
522 2467 716 2529 sublato,nnns
728 2465 786 2515 dies
797 2469 895 2530 quarto

103 2555 212 2610 quoque
227 2553 300 2590 anuo
315 2539 534 2592 intercalaretur.
574 2542 635 2602 ero
652 2546 742 2591 autem
757 2540 846 2606 magis
865 2540 895 2588 iu

102 2623 243 2686 posterum
259 2629 292 2666 ex
302 2615 435 2666 Kalendis
444 2615 581 2666 ianuariis
595 2615 674 2665 novis
687 2619 841 2680 temporum
851 2627 896 2664 ra-

101 2694 150 2744 tio
166 2696 344 2758 congrueret,
367 2691 441 2740 iuter
459 2689 641 2741 Nouembrem
665 2704 698 2739 ac
717 2687 895 2740 Decembrem

102 2781 223 2822 messem
232 2765 372 2822 interiecit
382 2764 452 2816 duos
464 2764 548 2827 alios;
567 2763 675 2832 uritque
684 2764 709 2814 is
724 2777 823 2828 annus,
840 2775 896 2831 quo
