2044 3028
142 232 191 286 368
416 234 444 278 G.
472 232 660 281 SUETONll

143 360 236 412 citiam
252 373 327 409 suam
343 358 466 425 ingerere
481 349 587 410 desiit.¹
609 359 728 412 Exstant
742 360 896 429 epistolae,
913 376 948 414 ex

143 435 255 506 quibus,
272 435 426 500 argumenti
440 435 541 500 gratia,
558 450 647 502 pauca
658 437 783 488 subieci:
804 437 886 488 Sume
898 437 950 488 tibi

143 509 245 578 aliquid
267 508 333 559 iuris
357 509 428 576 apud
446 525 497 571 mc,
526 519 658 576 tamquam
679 511 703 561 ci
723 511 857 564 convictor
879 512 949 562 milri
1005 543 1006 546 =

138 585 247 659 fueris:
266 593 337 635 recte
353 584 433 647 enim,
451 593 477 634 et
491 601 542 634 reon
557 595 659 648 tentore,
674 586 796 657 feceris,
818 587 947 653 quoniam

142 661 172 711 id
185 676 245 711 acar
261 657 328 709 initi
342 669 426 710 tecum
436 664 488 709 eice
504 660 586 722 volui,
598 660 676 727 siper
685 662 858 716 valitudinem
870 671 946 714 taam
1005 675 1006 730 ι

136 735 204 806 fieri
214 733 306 802 poscit.
346 733 381 784 Et
396 749 508 786 trusus:
534 733 587 785 Tui
603 737 703 801 qualem
718 735 830 788 taleam
845 753 944 788 memo-

142 811 219 870 riam,
227 808 327 876 poterin
338 825 370 860 ex
382 807 506 876 Septimio
519 827 619 877 quoquc
629 821 717 862 nostro
728 812 830 862 audire.
873 811 944 862 Nam

143 883 250 946 incidit,
262 892 293 935 at
302 883 345 934 illo
356 883 533 954 coramfieret
541 901 558 935 a
569 901 609 936 mc
620 886 661 937 tui
670 887 775 937 tuentio.
817 884 911 952 Neque
921 886 946 936 ei

144 970 172 1013 m
187 960 310 1026 superbus
326 959 472 1011 amicitiam
482 969 599 1011 noctram
610 960 737 1027 sprevisti,
749 961 807 1011 ideo
819 979 867 1012 nos
879 979 943 1028 pao·
1005 977 1006 992 ³

143 1053 192 1104 pue
205 1031 487 1100 ἀνθυπερηφανοῦμιν.
526 1035 673 1088 Praeterea
688 1052 770 1104 saepe
780 1034 853 1089 iuter¹
870 1036 943 1087 alios

142 1113 221 1162 iocos
228 1109 395 1176 potissimam
401 1126 495 1178 penem
506 1116 533 1160 et
543 1109 740 1162 dornarreioaem
749 1111 943 1180 lepedissimum
1005 1109 1006 1120 ¹

143 1185 276 1254 appellat,
295 1199 404 1251 unoque
419 1191 446 1235 et
465 1185 552 1235 altera
567 1186 734 1238 liberalitate
750 1186 942 1254 locupletavit.

86 1291 89 1299 ·
144 1261 253 1330 Scripta
264 1260 373 1330 quidem
389 1261 447 1310 eius
461 1276 548 1328 usque
563 1260 632 1312 adeo
644 1261 786 1330 probavit,
798 1277 941 1313 mansura-

144 1353 195 1406 que
209 1341 341 1403 pcrpetuo
359 1336 487 1402 opinatus
503 1343 556 1400 est,
576 1342 675 1387 utnon
691 1335 774 1388 modo
791 1335 939 1388 Saeculare

143 1427 251 1463 carmen
263 1410 479 1476 componendum
490 1411 653 1475 inirurxerit,
669 1411 715 1462 sed
728 1418 755 1462 et
764 1410 938 1464 vindelicam

142 1487 287 1539 victoriam
308 1481 573 1554 Tiberii'Dmsique
593 1487 799 1552 privignorum:
825 1503 941 1556 eumque

144 1563 264 1629 coegerit
274 1566 386 1630 propter
396 1559 458 1625 hoe,
469 1561 557 1611 tribus
569 1557 720 1612 'carminum
731 1561 824 1626 libris,
837 1577 871 1612 ex
883 1562 941 1613 lon·
960 1595 966 1606 -

142 1653 178 1706 go
192 1636 352 1702 intervallo,
365 1641 491 1704 quartum
504 1636 620 1687 addere:
641 1642 705 1705 post
716 1635 863 1688 Sermones
875 1653 941 1704 quo·

144 1729 195 1781 que
215 1712 314 1775 lectos,
335 1707 439 1760 nullam
459 1712 503 1761 sui
523 1711 687 1763 mentionem
707 1709 829 1762 habitam
850 1713 892 1764 ita
907 1713 942 1762 sit

144 1795 271 1857 questus:
292 1783 379 1838 Irasci
394 1801 434 1836 nte
449 1784 499 1837 tibi
512 1786 600 1850 scito;
621 1786 691 1852 quod
703 1803 755 1838 noa
767 1786 796 1837 in
807 1786 942 1854 plerisque

144 1861 270 1915 eiusmodi
278 1860 383 1929 ecripotic
393 1877 492 1914 mecum
503 1860 669 1928 potissimum
680 1861 804 1928 loquaris.
846 1862 891 1914 An
900 1880 941 1914 ee·

143 1939 224 2002 reric,
241 1955 273 1989 ne
288 1937 359 2004 apud
368 1945 487 2004 posteros
503 1935 552 1988 tili
564 1935 666 2006 infame
681 1935 730 1999 rit,
743 1936 814 2003 quod
826 1936 941 1988 videaris

137 2011 286 2086 familiario
305 2011 378 2064 nolis
393 2013 467 2063 erse?
486 2013 674 2080 expressitque
694 2011 841 2079 Eclogam,
864 2014 941 2064 cuius

142 2089 251 2141 initium
262 2093 320 2139 est:
434 2095 436 2102 ⁴

146 2177 149 2184 ·
221 2163 307 2226 Quum
319 2169 358 2214 tot
367 2161 495 2215 carnaeae
506 2170 533 2225 et
541 2169 617 2214 tanto
627 2161 735 2232 negotia
745 2163 822 2226 colus,

217 2237 270 2291 Res
280 2235 364 2302 Italae
374 2237 455 2288 armis
466 2236 568 2300 tuteris,
580 2237 694 2288 moribus
705 2253 788 2300 orceo,

217 2311 334 2381 Legibus
345 2313 460 2364 emender
472 2331 480 2362 :
499 2311 527 2364 in
533 2311 640 2379 publica
650 2312 783 2364 commodo
789 2329 912 2380 peccem,

219 2387 250 2437 Si
258 2389 335 2456 longo
346 2403 462 2438 scrrnone
473 2404 559 2439 onerer
570 2397 616 2438 tua
627 2395 751 2455 temporo,
765 2385 873 2440 Caesar.

143 2459 250 2515 Habitu
265 2463 389 2528 corporis
403 2463 494 2514 brevis
508 2462 658 2532 irritatque
674 2463 790 2514 obesus:
816 2463 907 2530 qualis
922 2481 938 2518 a

144 2551 172 2586 se
187 2539 248 2604 ipso
265 2537 333 2587 etin
350 2536 449 2588 Satiris
464 2537 640 2602 describite,
657 2544 684 2588 et
699 2538 733 2604 ab
748 2539 871 2606 Augusto
887 2537 937 2593 hac

144 2607 279 2676 epistola:
310 2609 428 2664 Pertulit
445 2613 482 2663 od
499 2628 539 2663 me
559 2611 703 2682 Dionysiae
722 2613 834 2664 libellam
855 2623 935 2678 tuam,

144 2683 218 2746 quem
239 2693 295 2754 eg'o,
317 2694 349 2736 at
366 2702 484 2738 accusem
505 2696 537 2748 tc,
560 2689 801 2754 quantuluscunque
816 2697 863 2752 est,
880 2689 939 2742 loni

144 2757 255 2808 coarcto.
300 2757 393 2811 Vereri
402 2769 488 2814 antem
498 2761 565 2814 mitt
573 2763 680 2827 viderie,
697 2781 729 2817 oe
739 2761 853 2815 maiorer
863 2765 939 2817 torui
