2036 3022
279 264 411 312 GALBA.
448 268 525 312 cAP.
544 270 626 313 tie-9.
801 269 851 321 269

49 392 166 454 voluto,
188 394 270 458 atque
279 390 383 442 ibidem
393 390 514 444 revelato
520 430 529 456 ,
550 391 705 458 eiusesset,
725 393 852 462 adquem

49 472 154 537 sponte
163 482 194 519 se
205 481 222 516 a
231 471 301 533 potu
310 467 468 534 recepisset.

109 541 198 593 Vlll.x
207 540 249 591 Ob
264 557 307 592 res
322 547 350 592 et
361 546 426 592 tunc
440 543 470 592 in
480 541 579 597 Africa
584 549 613 594 et
622 543 688 595 olim
698 545 728 594 in
740 543 853 596 Germa·

48 621 101 671 nia
111 623 205 684 gestas
216 621 377 667 ornamenta
386 615 566 684 triumphalia
581 619 699 686 aceepit,
720 624 748 670 et
762 635 854 672 sacer-

50 694 163 746 dotium
172 690 282 759 triplex,
292 691 365 743 inter
375 692 618 760 quindecimviros,
630 694 794 762 sodalesque
805 695 855 747 Ti-

51 771 125 832 tios,
146 766 212 818 item
222 765 399 833 Augustales,
420 773 580 834 cooptatum
601 776 683 838 atque
698 785 732 822 ex
743 786 776 822 eo
786 777 853 824 tem-

50 859 123 912 pore
134 856 221 909 prope
233 840 267 890 ad
272 839 392 892 Neronis
401 841 520 892 medium
531 843 715 910 principatum
726 846 756 896 in
765 861 854 898 seces-

53 935 89 970 su
99 917 248 985 plurimum
257 916 338 980 vixit,
350 931 384 968 ne
395 915 431 966 ad
440 916 601 983 gestandum
613 919 722 984 quidem
732 935 854 987 unquam

54 988 168 1062 [aliter]
179 992 233 1042 iter
241 991 396 1058 ingressus,
418 1006 499 1058 quam
509 999 541 1043 ut
550 1008 642 1044 secum
652 991 778 1044 vehiculo
790 1011 853 1062 pro-

52 1069 132 1122 ximo
144 1066 235 1118 decies
245 1067 400 1117 sestertium
410 1067 439 1117 in
450 1081 518 1118 auro
530 1066 652 1131 efferret,
668 1067 756 1120 donec
765 1069 798 1132 in
806 1085 854 1135 op-

53 1141 122 1211 pido
132 1141 238 1193 Fundis
248 1143 369 1192 moranti
378 1141 517 1208 Hispania
527 1142 744 1194 Tarraconensis
760 1142 855 1195 oblata

52 1224 106 1270 est.
145 1217 319 1283 deciditque,
329 1223 373 1281 ut,
386 1232 467 1283 qumn
479 1217 650 1284 provinciam
659 1218 800 1285 ingressus
811 1234 854 1268 sa-

53 1293 194 1345 crificaret
212 1291 288 1342 intra
307 1291 401 1343 aedem
417 1292 569 1358 publicam,
590 1308 676 1360 puero
692 1308 707 1344 e
721 1293 857 1344 ministris

54 1383 182 1420 acerram
191 1367 295 1418 tenenti
306 1365 422 1432 capillus
433 1373 543 1435 repente
553 1373 615 1419 toto
627 1368 718 1435 capite
728 1383 854 1423 canesce-

53 1449 108 1500 ret.
148 1441 206 1494 Nec
216 1440 369 1506 defuerunt,
381 1442 429 1509 qui
438 1442 692 1512 interpretarentur,
703 1443 856 1510 significari

54 1534 150 1572 rerum
169 1517 363 1580 mutationem,
384 1532 627 1585 successurumque
645 1519 739 1570 iuveni
754 1535 854 1583 senem,

54 1594 112 1646 hoc
126 1599 183 1657 est,
201 1593 292 1660 ipsum
307 1590 422 1644 Neroni.
459 1592 519 1644 Nec
536 1594 623 1647 multo
638 1598 703 1662 post
715 1594 746 1644 in
756 1593 856 1644 canta-

54 1671 138 1722 briae
147 1667 238 1718 lacum
248 1667 351 1718 fulmen
362 1666 478 1731 decidit,
488 1676 668 1736 repertaeque
678 1674 743 1720 sunt
753 1668 856 1721 duode-

55 1747 111 1796 cim
122 1758 245 1806 secures,
256 1740 330 1792 haud
341 1743 498 1808 ambiguum
510 1744 610 1794 summi
618 1744 729 1810 imperii
738 1744 856 1810 siguum.

112 1819 163 1870 lx.
183 1816 236 1869 Per
247 1823 310 1869 octo
322 1832 410 1868 annos
419 1817 496 1868 varie
510 1823 539 1867 et
552 1818 737 1886 inaequaliter
746 1819 856 1884 provin-

55 1897 131 1948 ciam
141 1893 222 1946 rexit.
260 1891 354 1944 Primo
367 1907 437 1956 acer,
449 1896 477 1942 et
485 1888 643 1956 vehemens,
654 1899 682 1944 et
691 1893 721 1942 in
731 1895 858 1946 coercen-

56 1973 101 2024 dis
112 1968 225 2038 quidem
235 1967 344 2019 delictis
353 1967 398 2018 vel
406 1966 581 2018 immodicus.
615 1966 686 2018 Nam'
697 1972 725 2017 et
734 1981 857 2018 nummu·

54 2047 146 2109 lario',
160 2059 216 2095 non
226 2058 260 2094 ex
270 2043 324 2094 tide
333 2043 456 2094 versanti
465 2043 610 2110 pecunias,
625 2057 722 2093 manus
734 2047 858 2108 amputa·

53 2123 111 2185 vit,
132 2134 295 2186 mensaeque
307 2118 365 2168 eius
377 2119 465 2168 affixit
470 2133 477 2179 3
498 2123 526 2168 et
534 2123 667 2182 tutorem,
683 2116 758 2185 quod
768 2115 858 2184 pupil-

54 2199 127 2261 lum,
154 2195 200 2246 cui
219 2193 384 2244 substitutus
404 2189 483 2242 heres
503 2199 575 2256 erat,
598 2208 702 2244 veneno
723 2199 857 2254 necasset,

57 2287 139 2324 cruce
155 2268 261 2333 affecit,
280 2267 496 2335 implorantique
511 2267 598 2334 leges,
619 2274 646 2319 et
662 2269 747 2319 civem
757 2265 858 2318 Roma-

55 2363 123 2399 num
143 2361 173 2396 se
192 2343 367 2408 testificanti,
388 2343 469 2408 quasi
483 2342 585 2394 solatio
601 2341 746 2394 ethonore
762 2342 857 2410 aliquo

54 2436 176 2492 poenam
186 2419 340 2482 levaturus,
360 2417 462 2468 mutari
477 2417 618 2486 multoque
634 2423 743 2484 praeter
753 2421 859 2470 ceteras

56 2498 187 2549 altiorem
199 2500 227 2547 et
236 2493 393 2545 dealbatam
404 2492 490 2543 statui
502 2508 608 2544 crucem
618 2493 708 2543 iussit.
747 2490 858 2541 Paulla-

18 2623 19 2643 ,
53 2574 108 2624 tim
117 2573 149 2623 in
159 2569 294 2622 desidiam
307 2569 504 2636 segnitiemque
516 2583 663 2620 conversus
677 2573 731 2630 est,
747 2566 859 2632 nequid

54 2647 192 2701 materiae
212 2645 356 2713 praeberet
376 2642 493 2705 Neroni,
514 2650 554 2706 et,
578 2648 610 2692 ut
630 2641 721 2692 dicere
741 2641 858 2705 solebat,

54 2723 130 2795 quod
139 2738 214 2774 nemo
225 2720 356 2772 rationem
370 2717 421 2770 otii
433 2715 475 2768 cui
488 2716 595 2768 reddere
606 2725 753 2785 cogerentr.
794 2716 859 2767 Car-

53 2797 173 2870 thagine
187 2812 261 2852 nova
277 2801 437 2852 conventum
458 2809 554 2867 agens,
574 2792 736 2848 tumultuari
752 2790 858 2850 Gallias
