<?xml version="1.0" encoding="UTF-8"?>
<!DOCTYPE html PUBLIC "-//W3C//DTD XHTML 1.0 Transitional//EN"
    "http://www.w3.org/TR/xhtml1/DTD/xhtml1-transitional.dtd">
<html xmlns="http://www.w3.org/1999/xhtml" xml:lang="en" lang="en">
 <head>
  <title>
</title>
<meta http-equiv="Content-Type" content="text/html;charset=utf-8" />
  <meta name='ocr-system' content='tesseract 3.04.00' />
  <meta name='ocr-capabilities' content='ocr_page ocr_carea ocr_par ocr_line ocrx_word'/>
</head>
<body>
  <div class='ocr_page' id='page_1' title='image "./csuetoniitranqu05suetgoog_0122.png"; bbox 0 0 2050 3034; ppageno 0'>
   <div class='ocr_carea' id='block_1_1' title="bbox 142 243 662 297">
    <p class='ocr_par' dir='ltr' id='par_1_1' title="bbox 142 243 662 297">
     <span class='ocr_line' id='line_1_1' title="bbox 142 243 662 297; baseline -0.012 -3"><span class='ocrx_word' id='word_1_1' title='bbox 142 249 191 297; x_wconf 79' lang='lat' dir='ltr'><strong>ltu</strong></span> <span class='ocrx_word' id='word_1_2' title='bbox 425 247 451 290; x_wconf 81' lang='lat' dir='ltr'><strong>C.</strong></span> <span class='ocrx_word' id='word_1_3' title='bbox 475 243 662 291; x_wconf 81' lang='lat' dir='ltr'><strong>SUETONll</strong></span> 
     </span>
    </p>
   </div>
   <div class='ocr_carea' id='block_1_2' title="bbox 130 367 1013 1329">
    <p class='ocr_par' dir='ltr' id='par_1_2' title="bbox 130 367 1013 1329">
     <span class='ocr_line' id='line_1_2' title="bbox 142 367 946 430; baseline 0.001 -8"><span class='ocrx_word' id='word_1_4' title='bbox 142 369 276 422; x_wconf 79' lang='lat' dir='ltr'><strong>Omnibus</strong></span> <span class='ocrx_word' id='word_1_5' title='bbox 288 368 386 420; x_wconf 89' lang='lat' dir='ltr'><strong>deinde</strong></span> <span class='ocrx_word' id='word_1_6' title='bbox 396 367 531 430; x_wconf 78' lang='lat' dir='ltr'><strong>dimissis,</strong></span> <span class='ocrx_word' id='word_1_7' title='bbox 554 367 617 418; x_wconf 90' lang='lat' dir='ltr'><strong>dum</strong></span> <span class='ocrx_word' id='word_1_8' title='bbox 634 367 810 420; x_wconf 85' lang='lat' dir='ltr'><strong>advenientes</strong></span> <span class='ocrx_word' id='word_1_9' title='bbox 821 371 857 421; x_wconf 89' lang='lat' dir='ltr'><strong>ab</strong></span> <span class='ocrx_word' id='word_1_10' title='bbox 868 369 946 423; x_wconf 84' lang='lat' dir='ltr'>Urbe</span> 
     </span>
     <span class='ocr_line' id='line_1_3' title="bbox 139 443 945 510; baseline 0.001 -15"><span class='ocrx_word' id='word_1_11' title='bbox 139 445 173 496; x_wconf 96' lang='lat' dir='ltr'><strong>de</strong></span> <span class='ocrx_word' id='word_1_12' title='bbox 184 444 271 495; x_wconf 82' lang='lat' dir='ltr'><strong>Drusi</strong></span> <span class='ocrx_word' id='word_1_13' title='bbox 281 444 340 493; x_wconf 86' lang='lat' dir='ltr'><strong>lilia</strong></span> <span class='ocrx_word' id='word_1_14' title='bbox 356 457 440 510; x_wconf 83' lang='lat' dir='ltr'><strong>aegra</strong></span> <span class='ocrx_word' id='word_1_15' title='bbox 449 443 652 509; x_wconf 83' lang='lat' dir='ltr'><strong>interrogabat,</strong></span> <span class='ocrx_word' id='word_1_16' title='bbox 673 449 784 510; x_wconf 84' lang='lat' dir='ltr'><strong>repente</strong></span> <span class='ocrx_word' id='word_1_17' title='bbox 795 445 824 494; x_wconf 89' lang='lat' dir='ltr'><strong>in</strong></span> <span class='ocrx_word' id='word_1_18' title='bbox 837 445 945 496; x_wconf 87' lang='lat' dir='ltr'><strong>osculis</strong></span> 
     </span>
     <span class='ocr_line' id='line_1_4' title="bbox 138 515 946 588; baseline 0.001 -19"><span class='ocrx_word' id='word_1_19' title='bbox 138 519 238 571; x_wconf 86' lang='lat' dir='ltr'><strong>Liviae</strong></span> <span class='ocrx_word' id='word_1_20' title='bbox 253 519 321 569; x_wconf 90' lang='lat' dir='ltr'><strong>etin</strong></span> <span class='ocrx_word' id='word_1_21' title='bbox 336 515 389 569; x_wconf 87' lang='lat' dir='ltr'><strong>hac</strong></span> <span class='ocrx_word' id='word_1_22' title='bbox 403 532 472 569; x_wconf 85' lang='lat' dir='ltr'><strong>voce</strong></span> <span class='ocrx_word' id='word_1_23' title='bbox 486 516 600 568; x_wconf 84' lang='lat' dir='ltr'><strong>defecit:</strong></span> <span class='ocrx_word' id='word_1_24' title='bbox 620 515 712 580; x_wconf 61' lang='lat' dir='ltr'><strong>Ltoio,</strong></span> <span class='ocrx_word' id='word_1_25' title='bbox 724 518 811 568; x_wconf 78' lang='lat' dir='ltr'><strong>nostri</strong></span> <span class='ocrx_word' id='word_1_26' title='bbox 819 518 946 588; x_wconf 75' lang='lat' dir='ltr'><strong>coniugii</strong></span> 
     </span>
     <span class='ocr_line' id='line_1_5' title="bbox 138 591 941 661; baseline 0 -16"><span class='ocrx_word' id='word_1_27' title='bbox 138 609 237 646; x_wconf 85' lang='lat' dir='ltr'><strong>memor</strong></span> <span class='ocrx_word' id='word_1_28' title='bbox 246 591 314 653; x_wconf 78' lang='lat' dir='ltr'><strong>vioe,</strong></span> <span class='ocrx_word' id='word_1_29' title='bbox 327 606 360 644; x_wconf 82' lang='lat' dir='ltr'><strong>aa</strong></span> <span class='ocrx_word' id='word_1_30' title='bbox 369 593 442 643; x_wconf 80' lang='lat' dir='ltr'><strong>sole!</strong></span> <span class='ocrx_word' id='word_1_31' title='bbox 460 593 576 643; x_wconf 85' lang='lat' dir='ltr'><strong>sortitus</strong></span> <span class='ocrx_word' id='word_1_32' title='bbox 587 592 691 642; x_wconf 85' lang='lat' dir='ltr'><strong>exitum</strong></span> <span class='ocrx_word' id='word_1_33' title='bbox 700 591 821 656; x_wconf 83' lang='lat' dir='ltr'><strong>facilem,</strong></span> <span class='ocrx_word' id='word_1_34' title='bbox 834 601 862 645; x_wconf 90' lang='lat' dir='ltr'><strong>et</strong></span> <span class='ocrx_word' id='word_1_35' title='bbox 872 609 941 661; x_wconf 87' lang='lat' dir='ltr'><strong>qua-</strong></span> 
     </span>
     <span class='ocr_line' id='line_1_6' title="bbox 137 665 940 735; baseline 0.001 -17"><span class='ocrx_word' id='word_1_36' title='bbox 137 671 190 720; x_wconf 89' lang='lat' dir='ltr'><strong>lem</strong></span> <span class='ocrx_word' id='word_1_37' title='bbox 202 681 309 734; x_wconf 87' lang='lat' dir='ltr'><strong>semper</strong></span> <span class='ocrx_word' id='word_1_38' title='bbox 319 673 471 733; x_wconf 87' lang='lat' dir='ltr'><strong>optaverat.</strong></span> <span class='ocrx_word' id='word_1_39' title='bbox 492 681 497 686; x_wconf 91' lang='lat'>·</span> <span class='ocrx_word' id='word_1_40' title='bbox 511 666 582 716; x_wconf 86' lang='lat' dir='ltr'><strong>Nam</strong></span> <span class='ocrx_word' id='word_1_41' title='bbox 592 665 662 730; x_wconf 85' lang='lat' dir='ltr'><strong>fere,</strong></span> <span class='ocrx_word' id='word_1_42' title='bbox 680 668 788 735; x_wconf 85' lang='lat' dir='ltr'><strong>quoties</strong></span> <span class='ocrx_word' id='word_1_43' title='bbox 805 667 940 734; x_wconf 73' lang='lat' dir='ltr'><strong>erudisset,</strong></span> 
     </span>
     <span class='ocr_line' id='line_1_7' title="bbox 138 739 942 809; baseline 0.001 -15"><span class='ocrx_word' id='word_1_44' title='bbox 138 744 193 794; x_wconf 90' lang='lat' dir='ltr'><strong>cito</strong></span> <span class='ocrx_word' id='word_1_45' title='bbox 206 739 325 793; x_wconf 78' lang='lat' dir='ltr'><strong>annullo</strong></span> <span class='ocrx_word' id='word_1_46' title='bbox 341 741 466 792; x_wconf 82' lang='lat' dir='ltr'><strong>cmeiatn</strong></span> <span class='ocrx_word' id='word_1_47' title='bbox 482 741 639 792; x_wconf 73' lang='lat' dir='ltr'><strong>destructum</strong></span> <span class='ocrx_word' id='word_1_48' title='bbox 654 742 823 809; x_wconf 77' lang='lat' dir='ltr'><strong>quempiam,</strong></span> <span class='ocrx_word' id='word_1_49' title='bbox 845 743 942 795; x_wconf 87' lang='lat' dir='ltr'><strong>sibiet</strong></span> 
     </span>
     <span class='ocr_line' id='line_1_8' title="bbox 130 811 940 879; baseline 0.002 -13"><span class='ocrx_word' id='word_1_50' title='bbox 130 818 195 867; x_wconf 84' lang='lat' dir='ltr'><strong>&#39;suis</strong></span> <span class='ocrx_word' id='word_1_51' title='bbox 211 811 375 864; x_wconf 64' lang='lat' dir='ltr'><strong>citocotiam</strong></span> <span class='ocrx_word' id='word_1_52' title='bbox 385 816 502 866; x_wconf 84' lang='lat' dir='ltr'><strong>similem</strong></span> <span class='ocrx_word' id='word_1_53' title='bbox 518 814 584 879; x_wconf 87' lang='lat' dir='ltr'><strong>(hoo</strong></span> <span class='ocrx_word' id='word_1_54' title='bbox 597 817 670 866; x_wconf 89' lang='lat' dir='ltr'><strong>enim</strong></span> <span class='ocrx_word' id='word_1_55' title='bbox 681 822 709 866; x_wconf 86' lang='lat' dir='ltr'><strong>et</strong></span> <span class='ocrx_word' id='word_1_56' title='bbox 717 817 801 868; x_wconf 87' lang='lat' dir='ltr'><strong>verbo</strong></span> <span class='ocrx_word' id='word_1_57' title='bbox 812 818 854 868; x_wconf 87' lang='lat' dir='ltr'><strong>uti</strong></span> <span class='ocrx_word' id='word_1_58' title='bbox 865 818 940 868; x_wconf 85' lang='lat' dir='ltr'><strong>sole-</strong></span> 
     </span>
     <span class='ocr_line' id='line_1_9' title="bbox 135 889 939 958; baseline 0.001 -17"><span class='ocrx_word' id='word_1_59' title='bbox 135 892 197 954; x_wconf 85' lang='lat' dir='ltr'><strong>bat)</strong></span> <span class='ocrx_word' id='word_1_60' title='bbox 211 889 385 958; x_wconf 73' lang='lat' dir='ltr'>precabatur.</span> <span class='ocrx_word' id='word_1_61' title='bbox 424 890 514 940; x_wconf 92' lang='lat' dir='ltr'><strong>Unum</strong></span> <span class='ocrx_word' id='word_1_62' title='bbox 529 891 641 941; x_wconf 66' lang='lat' dir='ltr'><strong>ommino</strong></span> <span class='ocrx_word' id='word_1_63' title='bbox 659 896 722 942; x_wconf 86' lang='lat' dir='ltr'><strong>ante</strong></span> <span class='ocrx_word' id='word_1_64' title='bbox 737 890 856 942; x_wconf 87' lang='lat' dir='ltr'><strong>efflatam</strong></span> <span class='ocrx_word' id='word_1_65' title='bbox 879 893 939 942; x_wconf 72' lang='lat' dir='ltr'><strong>anl-</strong></span> 
     </span>
     <span class='ocr_line' id='line_1_10' title="bbox 135 964 937 1032; baseline 0.002 -16"><span class='ocrx_word' id='word_1_66' title='bbox 135 981 208 1016; x_wconf 84' lang='lat' dir='ltr'><strong>mam</strong></span> <span class='ocrx_word' id='word_1_67' title='bbox 219 966 326 1032; x_wconf 80' lang='lat' dir='ltr'><strong>signum</strong></span> <span class='ocrx_word' id='word_1_68' title='bbox 338 965 475 1016; x_wconf 83' lang='lat' dir='ltr'><strong>alienatae</strong></span> <span class='ocrx_word' id='word_1_69' title='bbox 485 964 584 1016; x_wconf 85' lang='lat' dir='ltr'><strong>mentis</strong></span> <span class='ocrx_word' id='word_1_70' title='bbox 596 965 730 1028; x_wconf 80' lang='lat' dir='ltr'><strong>ostendit,</strong></span> <span class='ocrx_word' id='word_1_71' title='bbox 752 966 826 1032; x_wconf 89' lang='lat' dir='ltr'><strong>quod</strong></span> <span class='ocrx_word' id='word_1_72' title='bbox 841 967 937 1018; x_wconf 87' lang='lat' dir='ltr'><strong>subito</strong></span> 
     </span>
     <span class='ocr_line' id='line_1_11' title="bbox 134 1039 937 1110; baseline 0.002 -20"><span class='ocrx_word' id='word_1_73' title='bbox 134 1039 307 1110; x_wconf 81' lang='lat' dir='ltr'><strong>pavefactus,</strong></span> <span class='ocrx_word' id='word_1_74' title='bbox 330 1055 347 1090; x_wconf 89' lang='lat' dir='ltr'><strong>a</strong></span> <span class='ocrx_word' id='word_1_75' title='bbox 362 1039 546 1106; x_wconf 85' lang='lat' dir='ltr'><strong>quadraginta</strong></span> <span class='ocrx_word' id='word_1_76' title='bbox 561 1055 590 1090; x_wconf 88' lang='lat' dir='ltr'><strong>se</strong></span> <span class='ocrx_word' id='word_1_77' title='bbox 603 1039 748 1091; x_wconf 85' lang='lat' dir='ltr'><strong>iuvenibus</strong></span> <span class='ocrx_word' id='word_1_78' title='bbox 764 1041 855 1107; x_wconf 82' lang='lat' dir='ltr'><strong>abripi</strong></span> <span class='ocrx_word' id='word_1_79' title='bbox 870 1057 937 1108; x_wconf 86' lang='lat' dir='ltr'><strong>que-</strong></span> 
     </span>
     <span class='ocr_line' id='line_1_12' title="bbox 135 1114 937 1182; baseline 0.004 -17"><span class='ocrx_word' id='word_1_80' title='bbox 135 1122 193 1166; x_wconf 87' lang='lat' dir='ltr'><strong>stus</strong></span> <span class='ocrx_word' id='word_1_81' title='bbox 205 1122 255 1167; x_wconf 88' lang='lat' dir='ltr'><strong>est.</strong></span> <span class='ocrx_word' id='word_1_82' title='bbox 294 1114 326 1165; x_wconf 94' lang='lat' dir='ltr'><strong>ld</strong></span> <span class='ocrx_word' id='word_1_83' title='bbox 337 1129 446 1182; x_wconf 87' lang='lat' dir='ltr'><strong>quoque</strong></span> <span class='ocrx_word' id='word_1_84' title='bbox 456 1115 544 1180; x_wconf 84' lang='lat' dir='ltr'><strong>magis</strong></span> <span class='ocrx_word' id='word_1_85' title='bbox 555 1115 744 1180; x_wconf 75' lang='lat' dir='ltr'><strong>praesagium,</strong></span> <span class='ocrx_word' id='word_1_86' title='bbox 767 1129 849 1182; x_wconf 87' lang='lat' dir='ltr'><strong>quam</strong></span> <span class='ocrx_word' id='word_1_87' title='bbox 860 1131 937 1168; x_wconf 91' lang='lat' dir='ltr'><strong>men·</strong></span> 
     </span>
     <span class='ocr_line' id='line_1_13' title="bbox 133 1188 1013 1256; baseline -0.002 -14"><span class='ocrx_word' id='word_1_88' title='bbox 133 1191 170 1242; x_wconf 88' lang='lat' dir='ltr'><strong>tis</strong></span> <span class='ocrx_word' id='word_1_89' title='bbox 182 1189 334 1241; x_wconf 81' lang='lat' dir='ltr'><strong>deminutio</strong></span> <span class='ocrx_word' id='word_1_90' title='bbox 345 1189 413 1239; x_wconf 89' lang='lat' dir='ltr'><strong>fuit:</strong></span> <span class='ocrx_word' id='word_1_91' title='bbox 435 1189 572 1256; x_wconf 90' lang='lat' dir='ltr'><strong>siquidem</strong></span> <span class='ocrx_word' id='word_1_92' title='bbox 582 1188 699 1238; x_wconf 87' lang='lat' dir='ltr'><strong>totidem</strong></span> <span class='ocrx_word' id='word_1_93' title='bbox 709 1189 812 1241; x_wconf 83' lang='lat' dir='ltr'><strong>milites</strong></span> <span class='ocrx_word' id='word_1_94' title='bbox 823 1197 938 1256; x_wconf 89' lang='lat' dir='ltr'><strong>praeto-</strong></span> <span class='ocrx_word' id='word_1_95' title='bbox 1012 1223 1013 1240; x_wconf 33' lang='grc' dir='ltr'>ι</span> 
     </span>
     <span class='ocr_line' id='line_1_14' title="bbox 132 1262 643 1329; baseline -0.006 -14"><span class='ocrx_word' id='word_1_96' title='bbox 132 1266 207 1315; x_wconf 86' lang='lat' dir='ltr'><strong>riani</strong></span> <span class='ocrx_word' id='word_1_97' title='bbox 217 1263 373 1316; x_wconf 81' lang='lat' dir='ltr'><strong>extulerunt</strong></span> <span class='ocrx_word' id='word_1_98' title='bbox 382 1278 443 1314; x_wconf 89' lang='lat' dir='ltr'><strong>eum</strong></span> <span class='ocrx_word' id='word_1_99' title='bbox 454 1263 482 1311; x_wconf 93' lang='lat' dir='ltr'><strong>in</strong></span> <span class='ocrx_word' id='word_1_100' title='bbox 493 1262 643 1329; x_wconf 84' lang='lat' dir='ltr'><strong>publicum.</strong></span> 
     </span>
    </p>
   </div>
   <div class='ocr_carea' id='block_1_3' title="bbox 191 1336 1013 1404">
    <p class='ocr_par' dir='ltr' id='par_1_3' title="bbox 191 1336 1013 1404">
     <span class='ocr_line' id='line_1_15' title="bbox 191 1336 1013 1404; baseline 0.005 -17"><span class='ocrx_word' id='word_1_101' title='bbox 191 1339 221 1388; x_wconf 82' lang='lat' dir='ltr'><strong>C.</strong></span> <span class='ocrx_word' id='word_1_102' title='bbox 243 1337 320 1387; x_wconf 84' lang='lat' dir='ltr'><strong>Obiit</strong></span> <span class='ocrx_word' id='word_1_103' title='bbox 329 1339 357 1387; x_wconf 93' lang='lat' dir='ltr'><strong>in</strong></span> <span class='ocrx_word' id='word_1_104' title='bbox 369 1336 495 1387; x_wconf 89' lang='lat' dir='ltr'><strong>cubiculo</strong></span> <span class='ocrx_word' id='word_1_105' title='bbox 508 1336 618 1400; x_wconf 89' lang='lat' dir='ltr'><strong>eodem,</strong></span> <span class='ocrx_word' id='word_1_106' title='bbox 635 1352 690 1402; x_wconf 92' lang='lat' dir='ltr'><strong>quo</strong></span> <span class='ocrx_word' id='word_1_107' title='bbox 701 1344 780 1404; x_wconf 84' lang='lat' dir='ltr'><strong>pater</strong></span> <span class='ocrx_word' id='word_1_108' title='bbox 791 1337 935 1404; x_wconf 77' lang='lat' dir='ltr'><strong>Octavius,</strong></span> <span class='ocrx_word' id='word_1_109' title='bbox 1012 1361 1013 1366; x_wconf 47' lang='lat'>¹</span> 
     </span>
    </p>
   </div>
   <div class='ocr_carea' id='block_1_4' title="bbox 135 1409 1013 1478">
    <p class='ocr_par' dir='ltr' id='par_1_4' title="bbox 135 1409 1013 1478">
     <span class='ocr_line' id='line_1_16' title="bbox 135 1409 1013 1478; baseline -0.001 -15"><span class='ocrx_word' id='word_1_110' title='bbox 135 1412 242 1463; x_wconf 88' lang='lat' dir='ltr'><strong>duobus</strong></span> <span class='ocrx_word' id='word_1_111' title='bbox 254 1410 353 1474; x_wconf 86' lang='lat' dir='ltr'><strong>Sextis,</strong></span> <span class='ocrx_word' id='word_1_112' title='bbox 364 1409 498 1478; x_wconf 90' lang='lat' dir='ltr'><strong>Pompeio</strong></span> <span class='ocrx_word' id='word_1_113' title='bbox 510 1417 538 1462; x_wconf 87' lang='lat' dir='ltr'><strong>et</strong></span> <span class='ocrx_word' id='word_1_114' title='bbox 546 1411 691 1478; x_wconf 79' lang='lat' dir='ltr'><strong>Appuleio,</strong></span> <span class='ocrx_word' id='word_1_115' title='bbox 704 1413 874 1478; x_wconf 87' lang='lat' dir='ltr'><strong>oonsulibus,</strong></span> <span class='ocrx_word' id='word_1_116' title='bbox 887 1414 935 1466; x_wconf 90' lang='lat' dir='ltr'><strong>de·</strong></span> <span class='ocrx_word' id='word_1_117' title='bbox 1012 1459 1013 1462; x_wconf 76' lang='grc'>,</span> 
     </span>
    </p>
   </div>
   <div class='ocr_carea' id='block_1_5' title="bbox 49 1483 1013 1558">
    <p class='ocr_par' dir='ltr' id='par_1_5' title="bbox 49 1483 1013 1558">
     <span class='ocr_line' id='line_1_17' title="bbox 49 1483 1013 1558; baseline -0.001 -21"><span class='ocrx_word' id='word_1_118' title='bbox 49 1517 54 1522; x_wconf 86' lang='grc'><strong>-</strong></span> <span class='ocrx_word' id='word_1_119' title='bbox 134 1487 205 1538; x_wconf 89' lang='lat' dir='ltr'><strong>cimo</strong></span> <span class='ocrx_word' id='word_1_120' title='bbox 223 1489 322 1554; x_wconf 85' lang='lat' dir='ltr'><strong>quarto</strong></span> <span class='ocrx_word' id='word_1_121' title='bbox 337 1483 478 1537; x_wconf 77' lang='lat' dir='ltr'><strong>Kalendas</strong></span> <span class='ocrx_word' id='word_1_122' title='bbox 493 1485 674 1553; x_wconf 81' lang='lat' dir='ltr'><strong>Septembris,</strong></span> <span class='ocrx_word' id='word_1_123' title='bbox 694 1484 764 1538; x_wconf 88' lang='lat' dir='ltr'><strong>hora</strong></span> <span class='ocrx_word' id='word_1_124' title='bbox 779 1487 832 1538; x_wconf 82' lang='lat' dir='ltr'><strong>diei</strong></span> <span class='ocrx_word' id='word_1_125' title='bbox 849 1503 936 1552; x_wconf 87' lang='lat' dir='ltr'><strong>nona,</strong></span> <span class='ocrx_word' id='word_1_126' title='bbox 1012 1513 1013 1558; x_wconf 65' lang='lat'>;</span> 
     </span>
    </p>
   </div>
   <div class='ocr_carea' id='block_1_6' title="bbox 130 1559 1013 2825">
    <p class='ocr_par' dir='ltr' id='par_1_6' title="bbox 130 1559 1013 2825">
     <span class='ocr_line' id='line_1_18' title="bbox 133 1559 1013 1630; baseline 0.008 -19"><span class='ocrx_word' id='word_1_127' title='bbox 133 1560 337 1628; x_wconf 81' lang='lat' dir='ltr'><strong>septuagesimo</strong></span> <span class='ocrx_word' id='word_1_128' title='bbox 348 1565 377 1611; x_wconf 91' lang='lat' dir='ltr'><strong>et</strong></span> <span class='ocrx_word' id='word_1_129' title='bbox 386 1566 464 1612; x_wconf 83' lang='lat' dir='ltr'><strong>sexto</strong></span> <span class='ocrx_word' id='word_1_130' title='bbox 477 1560 577 1610; x_wconf 87' lang='lat' dir='ltr'><strong>aetatis</strong></span> <span class='ocrx_word' id='word_1_131' title='bbox 588 1575 675 1624; x_wconf 87' lang='lat' dir='ltr'><strong>anno,</strong></span> <span class='ocrx_word' id='word_1_132' title='bbox 697 1561 794 1613; x_wconf 88' lang='lat' dir='ltr'><strong>diebus</strong></span> <span class='ocrx_word' id='word_1_133' title='bbox 812 1562 936 1630; x_wconf 88' lang='lat' dir='ltr'><strong>quinque</strong></span> <span class='ocrx_word' id='word_1_134' title='bbox 1012 1559 1013 1618; x_wconf 71' lang='grc' dir='ltr'>Ῑ</span> 
     </span>
     <span class='ocr_line' id='line_1_19' title="bbox 132 1633 1013 1704; baseline 0.005 -18"><span class='ocrx_word' id='word_1_135' title='bbox 132 1643 160 1687; x_wconf 90' lang='lat' dir='ltr'><strong>et</strong></span> <span class='ocrx_word' id='word_1_136' title='bbox 179 1636 295 1701; x_wconf 86' lang='lat' dir='ltr'><strong>triginta</strong></span> <span class='ocrx_word' id='word_1_137' title='bbox 313 1635 413 1688; x_wconf 85' lang='lat' dir='ltr'><strong>minus.</strong></span> <span class='ocrx_word' id='word_1_138' title='bbox 458 1633 565 1700; x_wconf 78' lang='lat' dir='ltr'><strong>Corpus</strong></span> <span class='ocrx_word' id='word_1_139' title='bbox 586 1634 748 1688; x_wconf 77' lang='lat' dir='ltr'><strong>decuriones</strong></span> <span class='ocrx_word' id='word_1_140' title='bbox 767 1637 935 1704; x_wconf 85' lang='lat' dir='ltr'><strong>municipio·</strong></span> <span class='ocrx_word' id='word_1_141' title='bbox 1012 1647 1013 1682; x_wconf 58' lang='grc' dir='ltr'>ἒ</span> 
     </span>
     <span class='ocr_line' id='line_1_20' title="bbox 131 1707 1013 1778; baseline 0.003 -18"><span class='ocrx_word' id='word_1_142' title='bbox 131 1721 192 1760; x_wconf 87' lang='lat' dir='ltr'><strong>rum</strong></span> <span class='ocrx_word' id='word_1_143' title='bbox 206 1715 235 1759; x_wconf 89' lang='lat' dir='ltr'><strong>et</strong></span> <span class='ocrx_word' id='word_1_144' title='bbox 251 1707 422 1760; x_wconf 85' lang='lat' dir='ltr'><strong>coloniarum</strong></span> <span class='ocrx_word' id='word_1_145' title='bbox 438 1723 455 1759; x_wconf 86' lang='lat' dir='ltr'><strong>a</strong></span> <span class='ocrx_word' id='word_1_146' title='bbox 469 1707 544 1759; x_wconf 88' lang='lat' dir='ltr'><strong>Nola</strong></span> <span class='ocrx_word' id='word_1_147' title='bbox 557 1707 683 1761; x_wconf 87' lang='lat' dir='ltr'><strong>Bovillas</strong></span> <span class='ocrx_word' id='word_1_148' title='bbox 701 1726 789 1778; x_wconf 87' lang='lat' dir='ltr'><strong>usque</strong></span> <span class='ocrx_word' id='word_1_149' title='bbox 804 1711 935 1778; x_wconf 84' lang='lat' dir='ltr'><strong>deporta-</strong></span> <span class='ocrx_word' id='word_1_150' title='bbox 1012 1759 1013 1762; x_wconf 75' lang='grc'>,</span> 
     </span>
     <span class='ocr_line' id='line_1_21' title="bbox 132 1781 1013 1853; baseline 0.006 -19"><span class='ocrx_word' id='word_1_151' title='bbox 132 1789 208 1844; x_wconf 74' lang='lat' dir='ltr'><strong>runt,</strong></span> <span class='ocrx_word' id='word_1_152' title='bbox 228 1781 369 1845; x_wconf 85' lang='lat' dir='ltr'><strong>noctibus,</strong></span> <span class='ocrx_word' id='word_1_153' title='bbox 380 1787 494 1850; x_wconf 87' lang='lat' dir='ltr'><strong>propter</strong></span> <span class='ocrx_word' id='word_1_154' title='bbox 505 1784 571 1834; x_wconf 88' lang='lat' dir='ltr'><strong>anni</strong></span> <span class='ocrx_word' id='word_1_155' title='bbox 579 1790 700 1851; x_wconf 86' lang='lat' dir='ltr'><strong>tempus,</strong></span> <span class='ocrx_word' id='word_1_156' title='bbox 717 1801 802 1853; x_wconf 88' lang='lat' dir='ltr'><strong>quum</strong></span> <span class='ocrx_word' id='word_1_157' title='bbox 810 1786 934 1838; x_wconf 87' lang='lat' dir='ltr'><strong>interdiu</strong></span> <span class='ocrx_word' id='word_1_158' title='bbox 1012 1795 1013 1802; x_wconf 78' lang='grc'>’</span> 
     </span>
     <span class='ocr_line' id='line_1_22' title="bbox 130 1856 934 1926; baseline 0.005 -17"><span class='ocrx_word' id='word_1_159' title='bbox 130 1859 160 1909; x_wconf 90' lang='lat' dir='ltr'><strong>in</strong></span> <span class='ocrx_word' id='word_1_160' title='bbox 174 1856 293 1909; x_wconf 87' lang='lat' dir='ltr'><strong>basilica</strong></span> <span class='ocrx_word' id='word_1_161' title='bbox 307 1857 439 1926; x_wconf 88' lang='lat' dir='ltr'><strong>cuiusque</strong></span> <span class='ocrx_word' id='word_1_162' title='bbox 453 1857 550 1926; x_wconf 89' lang='lat' dir='ltr'><strong>oppidi</strong></span> <span class='ocrx_word' id='word_1_163' title='bbox 565 1858 609 1910; x_wconf 86' lang='lat' dir='ltr'><strong>vel</strong></span> <span class='ocrx_word' id='word_1_164' title='bbox 622 1859 652 1910; x_wconf 91' lang='lat' dir='ltr'><strong>in</strong></span> <span class='ocrx_word' id='word_1_165' title='bbox 666 1861 776 1912; x_wconf 86' lang='lat' dir='ltr'><strong>aedium</strong></span> <span class='ocrx_word' id='word_1_166' title='bbox 790 1875 934 1913; x_wconf 80' lang='lat' dir='ltr'><strong>sacrarum</strong></span> 
     </span>
     <span class='ocr_line' id='line_1_23' title="bbox 131 1932 1013 2001; baseline 0.003 -18"><span class='ocrx_word' id='word_1_167' title='bbox 131 1933 253 1983; x_wconf 85' lang='lat' dir='ltr'><strong>maxima</strong></span> <span class='ocrx_word' id='word_1_168' title='bbox 263 1938 450 1999; x_wconf 86' lang='lat' dir='ltr'><strong>reponeretur.</strong></span> <span class='ocrx_word' id='word_1_169' title='bbox 489 1932 643 1985; x_wconf 85' lang='lat' dir='ltr'><strong>ABovillis</strong></span> <span class='ocrx_word' id='word_1_170' title='bbox 654 1941 780 2001; x_wconf 87' lang='lat' dir='ltr'><strong>equester</strong></span> <span class='ocrx_word' id='word_1_171' title='bbox 791 1935 861 1987; x_wconf 89' lang='lat' dir='ltr'><strong>ordo</strong></span> <span class='ocrx_word' id='word_1_172' title='bbox 873 1951 934 1986; x_wconf 90' lang='lat' dir='ltr'><strong>sns-</strong></span> <span class='ocrx_word' id='word_1_173' title='bbox 1012 1997 1013 2000; x_wconf 8' lang='grc' dir='ltr'><strong>Ἴ</strong></span> 
     </span>
     <span class='ocr_line' id='line_1_24' title="bbox 133 2007 1013 2076; baseline 0 -16"><span class='ocrx_word' id='word_1_174' title='bbox 133 2009 218 2075; x_wconf 87' lang='lat' dir='ltr'><strong>cepit,</strong></span> <span class='ocrx_word' id='word_1_175' title='bbox 233 2008 355 2075; x_wconf 91' lang='lat' dir='ltr'><strong>Urbique</strong></span> <span class='ocrx_word' id='word_1_176' title='bbox 365 2007 472 2071; x_wconf 90' lang='lat' dir='ltr'><strong>intulit,</strong></span> <span class='ocrx_word' id='word_1_177' title='bbox 484 2017 566 2075; x_wconf 87' lang='lat' dir='ltr'><strong>atque</strong></span> <span class='ocrx_word' id='word_1_178' title='bbox 576 2009 606 2058; x_wconf 93' lang='lat' dir='ltr'><strong>iu</strong></span> <span class='ocrx_word' id='word_1_179' title='bbox 615 2010 752 2061; x_wconf 88' lang='lat' dir='ltr'><strong>vestibulo</strong></span> <span class='ocrx_word' id='word_1_180' title='bbox 765 2010 865 2062; x_wconf 89' lang='lat' dir='ltr'><strong>domus</strong></span> <span class='ocrx_word' id='word_1_181' title='bbox 875 2010 933 2062; x_wconf 87' lang='lat' dir='ltr'><strong>ool·</strong></span> <span class='ocrx_word' id='word_1_182' title='bbox 1012 2007 1013 2076; x_wconf 36' lang='grc' dir='ltr'>ζ</span> 
     </span>
     <span class='ocr_line' id='line_1_25' title="bbox 131 2081 934 2137; baseline 0 -3"><span class='ocrx_word' id='word_1_183' title='bbox 131 2082 244 2134; x_wconf 88' lang='lat' dir='ltr'><strong>locavit.</strong></span> <span class='ocrx_word' id='word_1_184' title='bbox 276 2081 392 2134; x_wconf 87' lang='lat' dir='ltr'><strong>Senatus</strong></span> <span class='ocrx_word' id='word_1_185' title='bbox 403 2088 430 2134; x_wconf 88' lang='lat' dir='ltr'><strong>et</strong></span> <span class='ocrx_word' id='word_1_186' title='bbox 439 2083 468 2132; x_wconf 91' lang='lat' dir='ltr'><strong>in</strong></span> <span class='ocrx_word' id='word_1_187' title='bbox 478 2081 574 2133; x_wconf 69' lang='lat' dir='ltr'><strong>sumere</strong></span> <span class='ocrx_word' id='word_1_188' title='bbox 586 2084 710 2136; x_wconf 85' lang='lat' dir='ltr'><strong>ornando</strong></span> <span class='ocrx_word' id='word_1_189' title='bbox 721 2088 749 2136; x_wconf 84' lang='lat' dir='ltr'><strong>et</strong></span> <span class='ocrx_word' id='word_1_190' title='bbox 757 2085 787 2134; x_wconf 91' lang='lat' dir='ltr'><strong>in</strong></span> <span class='ocrx_word' id='word_1_191' title='bbox 794 2086 934 2137; x_wconf 81' lang='lat' dir='ltr'><strong>&#39;memoria</strong></span> 
     </span>
     <span class='ocr_line' id='line_1_26' title="bbox 132 2154 932 2226; baseline 0.008 -21"><span class='ocrx_word' id='word_1_192' title='bbox 132 2154 296 2206; x_wconf 83' lang='lat' dir='ltr'><strong>honoranda</strong></span> <span class='ocrx_word' id='word_1_193' title='bbox 312 2172 345 2207; x_wconf 91' lang='lat' dir='ltr'><strong>eo</strong></span> <span class='ocrx_word' id='word_1_194' title='bbox 361 2156 454 2206; x_wconf 87' lang='lat' dir='ltr'><strong>studio</strong></span> <span class='ocrx_word' id='word_1_195' title='bbox 470 2157 596 2207; x_wconf 83' lang='lat' dir='ltr'><strong>certatim</strong></span> <span class='ocrx_word' id='word_1_196' title='bbox 606 2173 768 2226; x_wconf 78' lang='lat' dir='ltr'><strong>progressus</strong></span> <span class='ocrx_word' id='word_1_197' title='bbox 779 2166 834 2223; x_wconf 89' lang='lat' dir='ltr'><strong>est,</strong></span> <span class='ocrx_word' id='word_1_198' title='bbox 850 2161 932 2210; x_wconf 81' lang='lat' dir='ltr'><strong>utin-</strong></span> 
     </span>
     <span class='ocr_line' id='line_1_27' title="bbox 131 2229 1013 2299; baseline 0.012 -20"><span class='ocrx_word' id='word_1_199' title='bbox 131 2236 174 2280; x_wconf 87' lang='lat' dir='ltr'><strong>ter</strong></span> <span class='ocrx_word' id='word_1_200' title='bbox 189 2229 245 2278; x_wconf 84' lang='lat' dir='ltr'><strong>alia</strong></span> <span class='ocrx_word' id='word_1_201' title='bbox 265 2229 407 2296; x_wconf 84' lang='lat' dir='ltr'><strong>complure</strong></span> <span class='ocrx_word' id='word_1_202' title='bbox 425 2230 580 2282; x_wconf 86' lang='lat' dir='ltr'><strong>censuerint</strong></span> <span class='ocrx_word' id='word_1_203' title='bbox 599 2233 712 2299; x_wconf 68' lang='lat' dir='ltr'><strong>quiidam</strong></span> <span class='ocrx_word' id='word_1_204' title='bbox 732 2233 816 2286; x_wconf 84' lang='lat' dir='ltr'><strong>funus</strong></span> <span class='ocrx_word' id='word_1_205' title='bbox 835 2235 933 2286; x_wconf 88' lang='lat' dir='ltr'><strong>trium·</strong></span> <span class='ocrx_word' id='word_1_206' title='bbox 1012 2241 1013 2290; x_wconf 69' lang='grc' dir='ltr'>ἔ</span> 
     </span>
     <span class='ocr_line' id='line_1_28' title="bbox 132 2301 1013 2377; baseline 0.007 -23"><span class='ocrx_word' id='word_1_207' title='bbox 132 2301 210 2372; x_wconf 86' lang='lat' dir='ltr'><strong>phali</strong></span> <span class='ocrx_word' id='word_1_208' title='bbox 225 2310 307 2372; x_wconf 90' lang='lat' dir='ltr'><strong>porta</strong></span> <span class='ocrx_word' id='word_1_209' title='bbox 322 2304 488 2368; x_wconf 86' lang='lat' dir='ltr'><strong>ducendum,</strong></span> <span class='ocrx_word' id='word_1_210' title='bbox 509 2307 689 2373; x_wconf 78' lang='lat' dir='ltr'><strong>praecedente</strong></span> <span class='ocrx_word' id='word_1_211' title='bbox 698 2307 838 2373; x_wconf 86' lang='lat' dir='ltr'><strong>Victoria,</strong></span> <span class='ocrx_word' id='word_1_212' title='bbox 862 2323 933 2377; x_wconf 85' lang='lat' dir='ltr'><strong>quae</strong></span> <span class='ocrx_word' id='word_1_213' title='bbox 1012 2315 1013 2330; x_wconf 65' lang='lat'><strong>³</strong></span> 
     </span>
     <span class='ocr_line' id='line_1_29' title="bbox 133 2379 934 2450; baseline 0.005 -20"><span class='ocrx_word' id='word_1_214' title='bbox 133 2379 222 2430; x_wconf 90' lang='lat' dir='ltr'><strong>estin</strong></span> <span class='ocrx_word' id='word_1_215' title='bbox 244 2379 334 2444; x_wconf 85' lang='lat' dir='ltr'><strong>curia,</strong></span> <span class='ocrx_word' id='word_1_216' title='bbox 356 2379 516 2431; x_wconf 86' lang='lat' dir='ltr'><strong>canentibus</strong></span> <span class='ocrx_word' id='word_1_217' title='bbox 530 2382 640 2434; x_wconf 84' lang='lat' dir='ltr'><strong>neniam</strong></span> <span class='ocrx_word' id='word_1_218' title='bbox 659 2383 814 2450; x_wconf 83' lang='lat' dir='ltr'><strong>principum</strong></span> <span class='ocrx_word' id='word_1_219' title='bbox 836 2383 934 2434; x_wconf 88' lang='lat' dir='ltr'><strong>liberis</strong></span> 
     </span>
     <span class='ocr_line' id='line_1_30' title="bbox 131 2454 934 2526; baseline 0.004 -21"><span class='ocrx_word' id='word_1_220' title='bbox 131 2455 277 2522; x_wconf 85' lang='lat' dir='ltr'><strong>utriusque</strong></span> <span class='ocrx_word' id='word_1_221' title='bbox 287 2469 381 2518; x_wconf 82' lang='lat' dir='ltr'><strong>sexns3</strong></span> <span class='ocrx_word' id='word_1_222' title='bbox 402 2454 663 2523; x_wconf 79' lang='lat' dir='ltr'><strong>alii,exseq11ian1m</strong></span> <span class='ocrx_word' id='word_1_223' title='bbox 675 2457 719 2510; x_wconf 89' lang='lat' dir='ltr'><strong>die</strong></span> <span class='ocrx_word' id='word_1_224' title='bbox 729 2458 874 2526; x_wconf 86' lang='lat' dir='ltr'><strong>ponendos</strong></span> <span class='ocrx_word' id='word_1_225' title='bbox 885 2471 934 2508; x_wconf 82' lang='lat' dir='ltr'><strong>an·</strong></span> 
     </span>
     <span class='ocr_line' id='line_1_31' title="bbox 132 2529 933 2600; baseline 0.005 -20"><span class='ocrx_word' id='word_1_226' title='bbox 132 2531 213 2582; x_wconf 84' lang='lat' dir='ltr'><strong>nnlos</strong></span> <span class='ocrx_word' id='word_1_227' title='bbox 225 2545 334 2595; x_wconf 88' lang='lat' dir='ltr'><strong>aureos,</strong></span> <span class='ocrx_word' id='word_1_228' title='bbox 345 2529 505 2598; x_wconf 81' lang='lat' dir='ltr'><strong>ferreosque</strong></span> <span class='ocrx_word' id='word_1_229' title='bbox 516 2531 677 2594; x_wconf 63' lang='lat' dir='ltr'><strong>sumendum</strong></span> <span class='ocrx_word' id='word_1_230' title='bbox 692 2532 828 2597; x_wconf 86' lang='lat' dir='ltr'><strong>nonnulli,</strong></span> <span class='ocrx_word' id='word_1_231' title='bbox 839 2533 933 2600; x_wconf 75' lang='lat' dir='ltr'><strong>legen·</strong></span> 
     </span>
     <span class='ocr_line' id='line_1_32' title="bbox 132 2603 935 2675; baseline 0.006 -22"><span class='ocrx_word' id='word_1_232' title='bbox 132 2603 168 2654; x_wconf 87' lang='lat' dir='ltr'><strong>da</strong></span> <span class='ocrx_word' id='word_1_233' title='bbox 179 2619 244 2656; x_wconf 84' lang='lat' dir='ltr'><strong>ossa</strong></span> <span class='ocrx_word' id='word_1_234' title='bbox 254 2621 303 2674; x_wconf 88' lang='lat' dir='ltr'><strong>per</strong></span> <span class='ocrx_word' id='word_1_235' title='bbox 314 2604 472 2657; x_wconf 88' lang='lat' dir='ltr'><strong>sacerdotes</strong></span> <span class='ocrx_word' id='word_1_236' title='bbox 483 2621 652 2659; x_wconf 87' lang='lat' dir='ltr'><strong>summorum</strong></span> <span class='ocrx_word' id='word_1_237' title='bbox 664 2606 855 2675; x_wconf 86' lang='lat' dir='ltr'><strong>collegiorum.</strong></span> <span class='ocrx_word' id='word_1_238' title='bbox 866 2605 935 2658; x_wconf 87' lang='lat' dir='ltr'><strong>Fuit</strong></span> 
     </span>
     <span class='ocr_line' id='line_1_33' title="bbox 132 2679 934 2750; baseline 0.005 -22"><span class='ocrx_word' id='word_1_239' title='bbox 132 2684 159 2728; x_wconf 92' lang='lat' dir='ltr'><strong>et</strong></span> <span class='ocrx_word' id='word_1_240' title='bbox 170 2680 219 2747; x_wconf 85' lang='lat' dir='ltr'><strong>qni</strong></span> <span class='ocrx_word' id='word_1_241' title='bbox 228 2679 368 2745; x_wconf 83' lang='lat' dir='ltr'><strong>suaderet,</strong></span> <span class='ocrx_word' id='word_1_242' title='bbox 381 2680 595 2750; x_wconf 88' lang='lat' dir='ltr'><strong>appellationem</strong></span> <span class='ocrx_word' id='word_1_243' title='bbox 605 2682 707 2734; x_wconf 88' lang='lat' dir='ltr'><strong>mensis</strong></span> <span class='ocrx_word' id='word_1_244' title='bbox 716 2683 833 2750; x_wconf 79' lang='lat' dir='ltr'><strong>Augusti</strong></span> <span class='ocrx_word' id='word_1_245' title='bbox 843 2684 873 2732; x_wconf 93' lang='lat' dir='ltr'><strong>in</strong></span> <span class='ocrx_word' id='word_1_246' title='bbox 885 2681 934 2734; x_wconf 85' lang='lat' dir='ltr'><strong>Se-</strong></span> 
     </span>
     <span class='ocr_line' id='line_1_34' title="bbox 132 2753 934 2825; baseline 0.005 -23"><span class='ocrx_word' id='word_1_247' title='bbox 132 2754 282 2817; x_wconf 86' lang='lat' dir='ltr'><strong>ptembrem</strong></span> <span class='ocrx_word' id='word_1_248' title='bbox 292 2753 934 2825; x_wconf 71' lang='lat' dir='ltr'><strong>transferendam,qnodbocgeniursuugustus,</strong></span> 
     </span>
    </p>
   </div>
   <div class='ocr_carea' id='block_1_7' title="bbox 0 0 1030 3034">
    <p class='ocr_par' dir='ltr' id='par_1_7' title="bbox 0 0 1030 3034">
     <span class='ocr_line' id='line_1_35' title="bbox 0 0 1030 3034; baseline 0 1"><span class='ocrx_word' id='word_1_249' title='bbox 0 0 1030 3034; x_wconf 95' lang='lat' dir='ltr'><strong> </strong></span> 
     </span>
    </p>
   </div>
  </div>
 </body>
</html>
