2044 3028
210 233 255 282 on
274 235 487 284 rnnnsrnmns
506 199 742 292 onnmrnmns
823 241 872 293 347

69 359 218 417 utereturi
236 361 387 431 gibberosos
397 377 424 412 rc
435 362 465 413 de
475 363 526 412 tole
536 361 566 413 in
580 363 700 416 ambram
715 367 870 438 honrfcrce,

71 437 236 508 respondit:
257 436 331 506 quod
345 437 461 488 Murena
475 437 572 504 gibber
586 444 654 490 erat.
692 439 771 493 Vixit
785 459 871 510 prope

71 514 109 566 ad
130 513 306 564 centesimum
327 513 426 563 aetatis
441 527 554 577 annum,
570 515 671 566 amissa
690 516 745 568 ianr
765 519 872 585 pridem

70 589 221 652 memoria,
231 593 263 638 ut
271 601 366 638 versus
376 587 507 650 Bibaculi
517 588 615 640 docet:

182 659 299 714 Orbilius
308 661 415 714 ubinam
425 671 475 724 ert,
487 662 637 714 litterarum
648 664 763 718 oblitio?

72 738 172 792 Statua
183 739 241 790 eius
251 738 400 790 Beneventi
411 739 565 790 ostenditur
574 739 603 790 in
615 741 768 808 Capitolio,
781 743 816 794 ad
832 745 869 794 si·

70 816 188 865 nistrnm
199 814 281 878 latus,
293 829 455 878 marmorea,
467 811 564 865 habitu
574 815 694 868 sedentis
706 819 867 885 sepedicti,

72 889 209 958 oppositis
220 889 327 940 duobus
339 889 456 940 scriniis.
495 888 619 957 Reliquit
628 891 716 943 lilium
728 891 867 957 Orbilium,

72 970 100 1016 et
108 965 199 1031 ipsum
209 965 416 1031 grammaticum
427 963 620 1032 professorem.

128 1039 164 1090 X.
194 1040 325 1090 honorus
345 1039 555 1105 Pnrnonooos,
576 1040 734 1108 libertinus,
755 1042 868 1095 Athenis

71 1119 164 1166 natus.
206 1114 289 1165 Hunc
300 1115 398 1182 Capito
410 1115 528 1178 Atteium
543 1122 627 1167 notus
641 1117 867 1184 iurisconsultus,

9 1215 10 1220 =
70 1191 144 1241 inter
153 1190 348 1257 grammaticos
359 1186 508 1254 rhetorem,
518 1191 590 1242 inter
599 1190 723 1244 rhetores
733 1209 868 1261 gramma·

9 1273 10 1278 ’
71 1267 158 1316 ticum
172 1263 258 1316 fuisse
275 1265 323 1314 ait.
362 1263 406 1316 De
421 1265 517 1316 eodem
528 1264 636 1317 Asinius
647 1267 868 1334 Polliolnlihro‚

72 1355 128 1409 quo
140 1339 267 1390 Sallustii
276 1340 380 1407 scripta
389 1337 572 1406 reprehendit,
577 1348 609 1392 ut
618 1343 705 1394 nimia
714 1346 867 1411 priscorum

72 1416 218 1467 verborum
230 1413 405 1466 affectatione
417 1414 518 1478 oblita,
529 1415 569 1466 ita
578 1417 682 1468 tradit:
703 1417 736 1470 Io
746 1437 803 1472 conr
813 1437 869 1472 rem

70 1489 233 1542 adiutorium
244 1487 346 1561 riserit
353 1488 467 1540 maxime
477 1489 583 1556 qnidam
593 1490 699 1544 Atteirrr
710 1492 867 1547 Praetexta-

70 1575 125 1628 tor,
137 1564 230 1616 nobilis
238 1564 430 1634 grammaticos
440 1563 566 1628 Latinus,
584 1567 785 1620 declamantium
796 1570 868 1622 dein·

70 1642 102 1692 de
112 1640 221 1692 adiutor
231 1649 309 1707 atque
314 1649 479 1707 praeceptor,
496 1641 533 1691 ad
540 1657 668 1694 sommam
673 1642 824 1715 philologos
834 1647 867 1696 ab

69 1724 153 1770 temet
161 1714 319 1767 nominatae.
349 1714 411 1782 lpse
422 1715 458 1764 ad
467 1713 595 1769 Laelium
605 1717 735 1770 Hermam
746 1722 866 1789 scripsit,

69 1809 96 1844 sc
106 1791 136 1842 in
148 1789 258 1842 Grande
272 1789 368 1842 litteris
381 1805 507 1858 magnum
516 1806 667 1858 processum
677 1793 785 1858 holere,
797 1806 825 1848 ct
838 1797 867 1848 in

68 1865 178 1918 Latinis
197 1867 367 1917 nonnullum:
400 1863 503 1916 audiere
522 1864 667 1917 Antonium
688 1867 864 1937 Gniphrmm,

70 1941 177 2008 eiusque
194 1939 345 2002 Hermam3
360 1947 454 2007 posteo
470 1938 594 1992 docuisse.
635 1940 803 2010 Praecepirre
817 1961 877 2017 ‹crr-⁸

69 2026 122 2070 teon
142 2016 230 2068 moltis
249 2024 277 2066 et
295 2014 374 2068 clarit
393 2015 541 2067 inoccidui:
560 2015 658 2082 inquit
669 2016 754 2084 Appio
765 2035 865 2086 quoqne

70 2101 96 2143 ct
110 2090 226 2143 Pulchro
244 2089 360 2154 Cloroliir
368 2088 529 2162 semiim
549 2106 658 2158 phorom
670 2108 753 2144 comcs
762 2093 864 2162 impro-

66 2166 155 2218 m'ncia
162 2165 261 2238 fuecit.
305 2165 441 2234 Philologt'
456 2165 667 2234 appellationem
685 2172 865 2237 assmnpsisse
966 2161 969 2166 ’

66 2242 184 2306 videtur,
206 2242 284 2308 quia,
305 2242 377 2292 sicut
396 2239 599 2304 Eratosthenes,
621 2243 669 2310 qui
687 2245 791 2310 primus
812 2243 865 2297 hoo

68 2333 221 2385 cognomen
231 2317 286 2368 sihi
295 2316 453 2381 vindicavit,
464 2317 611 2384 multiplici
619 2319 752 2387 variaque
763 2320 864 2372 doctri-

67 2397 102 2444 na
114 2393 278 2445 censebatur
289 2411 295 2443 ι
317 2392 391 2460 quod
406 2408 472 2444 sane
483 2409 516 2444 ex
527 2395 731 2446 commentariis
742 2395 801 2446 eius
816 2411 864 2464 ap-

66 2474 163 2536 paret3
185 2481 349 2536 quamquam
369 2467 529 2536 paucissimi
550 2475 673 2521 exstent:
694 2470 727 2521 de
747 2487 864 2538 quorum

67 2549 159 2596 tamen
170 2544 252 2610 copia
267 2545 307 2595 sio
318 2543 405 2596 altero
419 2543 455 2594 od
469 2544 584 2596 eundern
599 2545 730 2596 Hermam
745 2547 864 2614 epistola

67 2620 206 2687 significat
217 2637 224 2670 r
243 2618 330 2688 Hylen
339 2627 456 2671 notham
466 2618 526 2671 oh’ir
536 2628 663 2670 memento
674 2622 861 2685 commendare,

67 2711 145 2760 qoam
161 2693 244 2746 omnio
256 2695 362 2764 generis
377 2694 520 2763 coegimus,
532 2694 575 2746 uti
583 2693 646 2758 scis,
659 2695 824 2764 octingentos
834 2697 862 2750 in

9 2793 10 2798 ¹
66 2771 153 2824 libror.
195 2771 288 2822 colmt
301 2776 398 2839 postea
412 2769 627 2823 familiarissime
642 2771 672 2821 C.
688 2769 861 2839 Sallustium,

855 2897 1009 2986 13
