2050 3034
162 204 211 256 tn
436 204 464 249 l).
489 195 677 248 suuromr

161 330 215 384 mel
226 327 337 382 cornino
349 339 422 391 eam,
432 339 483 377 neo
494 320 612 392 amplius
623 337 705 391 quam
714 333 770 375 nno
781 317 841 388 die,
850 319 973 390 nands-

161 407 238 458 simis
248 404 321 456 vidit
330 401 421 465 hon'a;
442 415 475 452 ao
485 415 550 451 mox
559 413 647 466 neque
663 411 761 466 aegrae
772 397 873 450 adesse
886 411 972 450 eura-

159 484 212 546 vit‚
229 480 451 545 defunctamque,
467 481 506 540 et,
522 475 586 526 dum
597 474 729 526 adventus
740 474 784 525 sui
794 488 874 540 spem
885 471 969 538 facit,

161 555 343 622 complurium
354 553 459 603 dierum
470 566 556 614 mora,
563 555 693 616 corrupto
705 550 813 600 demum
823 554 853 600 et
861 549 967 601 tabido

161 645 277 698 corpore
296 628 451 680 funeratam
469 623 613 692 prohibuit
632 624 802 688 consecrari,
827 625 917 692 quasi
937 625 967 674 id

159 709 222 774 ipsa
231 704 397 756 mandasset.
436 701 640 754 Testamentum
656 713 765 767 quoquc
780 699 842 750 eius
855 713 914 767 pro
929 700 966 750 ir·

160 783 214 832 rito
235 777 344 842 habuit,
370 790 518 843 omnesque
538 776 676 828 amicitias
695 780 724 827 et
742 773 965 839 familiaritates,

160 857 242 906 etiam
254 854 354 922 quibus
364 869 397 905 ea
406 851 511 904 itineris
521 853 566 902 sui
576 866 670 904 curam
679 849 799 902 moriens
809 849 965 902 demanda-

158 936 211 995 rat,
222 930 297 982 intra
306 930 387 982 breve
396 934 504 994 tempus
515 926 626 988 afflixit3
644 941 701 977 uno
712 940 747 977 ex
756 923 808 989 his,
819 926 964 993 equestris

160 1005 266 1057 ordinis
277 1006 347 1070 viro,
359 1005 425 1056 etin
435 1003 550 1054 antliam
560 1001 751 1053 condenmato.

214 1079 275 1132 Lll.
294 1080 430 1132 Filiorum
444 1093 532 1145 neque
545 1076 700 1129 naturalem
713 1075 848 1141 Drusum,
869 1091 960 1144 neque

160 1155 320 1223 adoptivum
332 1153 524 1207 Gemoniarum
533 1153 626 1219 patria
636 1152 753 1204 caritate
763 1151 875 1216 dilexit,
892 1151 960 1204 alte·

159 1233 217 1284 rius
226 1231 303 1283 vitiis
312 1230 444 1283 infensus.
484 1227 555 1278 Nam
563 1225 672 1279 Drusus
683 1226 768 1278 animi
776 1224 908 1279 fluxioris
918 1242 958 1279 re-

159 1307 350 1374 missiorisque
363 1306 437 1357 ritae
452 1308 519 1355 erat.
557 1303 654 1370 ltaque
671 1317 706 1354 nc
720 1307 829 1354 mortuo
846 1301 957 1369 quidem

158 1380 272 1448 perinde
284 1380 401 1432 affectus
410 1385 464 1442 est;
484 1379 532 1430 sod
546 1383 653 1430 tantum
662 1393 719 1429 non
730 1377 823 1429 statim
835 1391 852 1427 a
862 1376 956 1429 tirnere

161 1455 197 1507 ad
213 1455 388 1524 negotiorum
408 1453 632 1507 consuetudinem
652 1453 747 1518 rediit,
766 1451 876 1504 iustitio
897 1452 956 1505 lon·

160 1533 239 1599 glore
248 1529 377 1588 inhibito.
417 1530 491 1590 Quin
506 1535 534 1580 et
542 1528 683 1580 Iliensium
698 1527 797 1596 legatis
808 1527 905 1594 paullo
915 1543 955 1580 sc·

159 1607 218 1658 rius
229 1606 449 1667 consolantibus,
465 1604 544 1671 qnasi
560 1604 709 1656 obliterata
718 1604 773 1654 iam
785 1602 892 1655 doloris
902 1619 955 1655 me·

160 1683 263 1745 moria,
279 1680 410 1744 irridens,
426 1695 577 1746 aequoque,
599 1678 754 1745 respondit,
775 1676 858 1730 mmm
867 1693 954 1730 eorum

161 1756 258 1817 dolere,
283 1756 354 1822 quod
376 1754 513 1825 egregium
537 1754 618 1807 civem
636 1753 779 1806 Hectorem
798 1751 952 1806 amolum.

162 1829 326 1884 Germanico
341 1845 428 1898 usque
443 1830 512 1882 adeo
528 1830 705 1894 obtrectavit,
725 1833 757 1879 ut
771 1835 798 1881 et
812 1829 953 1895 praeclara

160 1906 236 1958 facta
247 1907 306 1958 eins
315 1922 367 1974 pro
378 1906 556 1973 supervacuis
566 1905 689 1968 elevarit,
701 1911 728 1956 et
738 1903 952 1971 gloriosissimas

159 1982 358 2047 victorias,cen
368 1979 863 2046 damnosasreipublicae,increparit.
875 1978 951 2041 Quod

159 2072 226 2109 vero
236 2057 442 2120 Alexandriam,
458 2060 571 2121 propter
579 2055 739 2106 immensam
749 2060 778 2106 et
786 2054 950 2122 repentinam

160 2131 273 2194 famem,
288 2130 445 2183 inconsulto
457 2145 486 2181 se
497 2129 613 2192 adisset,
635 2135 747 2196 questus
758 2130 840 2181 estin
850 2135 949 2182 matrs.

160 2203 253 2258 Etiam
268 2219 352 2257 cansa
365 2205 463 2256 mortis
477 2204 562 2256 fuisse
577 2203 604 2255 ei
617 2219 667 2271 per
677 2205 725 2257 Gn.
740 2203 869 2257 Pisonem
881 2205 950 2273 lega·

160 2279 323 2348 tnmSyriao
334 2280 466 2332 crediturz
479 2294 566 2346 quem,
573 2293 637 2331 mox
648 2278 729 2331 huius
740 2279 863 2331 oriminis
871 2293 949 2342 reum,

160 2359 260 2422 putant
274 2355 385 2422 quidem
395 2355 526 2406 mandata
534 2355 720 2421 prolatarum,
741 2355 797 2406 nisi
807 2369 840 2406 oa
851 2359 949 2407 secreta

162 2431 312 2482 obstarent.
351 2429 405 2482 Per
419 2445 488 2498 qnae
502 2429 682 2481 multifariam
695 2431 858 2497 inscriptum
870 2434 950 2496 etper

160 2511 255 2558 noctes
267 2506 443 2560 celeberrime
453 2505 635 2557 acclamatum
646 2509 700 2556 est:
715 2503 805 2556 Redde
818 2502 947 2556 Gemani-

160 2595 227 2632 cum.
268 2582 356 2644 Quam
376 2579 562 2647 suspicionem
584 2579 757 2632 confirmavit
774 2580 835 2648 ipse
849 2585 947 2647 postea,

161 2655 278 2723 coniuge
289 2659 372 2708 etiam
387 2673 420 2709 ao
430 2657 525 2709 liberis
537 2655 695 2708 Gemanici
708 2654 846 2708 crudelem
859 2656 886 2707 in
894 2670 947 2708 mo·

162 2726 225 2778 dum
236 2729 354 2782 afflictis.
888 2739 894 2745 “
