2044 3028
155 201 204 254 346
329 168 331 175 Ι
427 203 454 249 0.
481 201 676 249 SUETONH
706 227 714 244 t

154 345 214 393 rus,
231 327 322 379 studio
338 327 490 396 Epicureae
505 331 595 378 sectae
609 325 776 379 desidiosior
795 328 827 379 in
847 327 953 397 profes·

155 405 233 456 sione
243 404 438 472 grammaticae
448 400 613 466 habebatur,
629 403 772 470 minusque
785 403 953 457 idoneus.ad

155 479 284 532 tuendam
299 477 431 530 scholam.
469 477 564 545 ltaque
575 492 662 543 quum
672 492 701 527 se
715 478 746 528 in
755 479 830 530 Urbe
841 495 899 531 non
909 497 952 532 so·

156 555 211 606 lum
226 555 345 605 Antonio
362 551 515 621 Gniphoni,
530 552 578 604 sed
593 552 690 603 ceteris
706 554 790 603 etiam
806 554 951 608 deteriori·

155 631 206 681 bus
221 629 352 697 postponi
365 628 481 691 videret,
498 626 597 678 Cumas
607 627 730 691 transiit,
740 628 838 695 ibique
852 631 882 680 iu
894 631 950 681 otio

156 705 236 768 vixit,
253 710 280 754 et
293 703 380 754 multa
391 703 547 768 composuit
558 719 565 764 3
585 717 678 752 verum
692 701 761 753 adeo
772 704 859 770 inops
869 711 951 773 atque

156 793 250 846 egens,
270 784 301 828 ut
315 784 428 828 coactus
442 778 490 841 sit,
510 778 686 844 praecipuum
699 777 770 827 illud
787 779 952 845 opusculum

155 869 233 904 suum
245 853 383 904 annalium
394 851 477 903 Ennii
487 850 662 904 elenchorum
672 851 791 904 sedecim
809 851 948 924 [milibus]

155 927 292 980 nummum
318 928 425 979 cuidam
446 927 570 979 vendere.
621 927 697 988 Quos
717 927 806 979 libros
826 928 950 980 Orbilius

155 1019 316 1073 suppressos
326 1003 472 1055 redemisse
483 1018 512 1054 se
523 1002 603 1067 dicit,
617 1000 827 1070 vulgandosque
838 1019 950 1056 curasse

154 1081 263 1131 nomine
274 1079 404 1131 auctoris.

209 1153 257 1206 lx.
284 1154 421 1204 Ouarnros
440 1151 600 1216 eunucus,
619 1151 841 1219 Beneventanus,
861 1159 949 1207 morte

154 1235 309 1298 parentum,
324 1243 380 1280 uua
391 1234 473 1295 atque
483 1227 578 1278 eadem
589 1227 634 1278 die
644 1227 820 1279 inimicorum
831 1229 899 1280 dolo
910 1231 950 1280 in·

155 1311 358 1373 teremptorum,
370 1303 529 1366 destitutus,
542 1301 729 1369 apparituram
740 1305 949 1370 magistratibus

155 1378 239 1441 fecit3
269 1378 367 1431 deinde
385 1379 415 1428 in
434 1377 601 1428 Macedonia
619 1377 771 1441 corniculo,
793 1393 859 1430 mox
877 1394 948 1447 equo

156 1455 266 1506 meruit:
286 1453 448 1520 structusque
458 1451 567 1516 militia,
579 1451 671 1502 studia
681 1453 801 1520 repetiit,
813 1469 883 1521 quae
893 1455 948 1505 iam

155 1530 219 1581 inde
234 1545 251 1580 a
264 1544 349 1595 puero
360 1543 416 1579 non
430 1528 528 1578 leviter
538 1527 667 1594 attigerat
678 1543 685 1590 ;
706 1541 739 1578 ac
748 1527 892 1594 professus
904 1529 951 1580 diu

154 1607 182 1656 in
195 1605 297 1672 patria,
309 1603 535 1671 quinquagesimo
547 1602 654 1654 demum
665 1617 736 1653 anuo
747 1602 876 1669 Romam,
887 1620 950 1656 con-

156 1680 214 1730 sule
239 1679 382 1741 Cicerone,
405 1677 538 1728 transiitz
568 1677 716 1747 docuitque
738 1679 847 1732 maiore
877 1679 951 1730 lama

156 1769 238 1823 quam
248 1751 441 1804 emolumento.
480 1751 605 1819 Namque
618 1752 675 1802 iam
689 1767 835 1820 perseuex,
846 1770 949 1822 paupe-

154 1845 210 1881 rem
222 1844 264 1892 se,
276 1834 303 1879 et
313 1825 438 1880 habitare
449 1829 498 1878 sub
508 1827 621 1894 tegulis,
634 1827 754 1892 quodam
764 1829 870 1894 scripto
881 1829 949 1881 iate-

154 1911 207 1956 tur.
246 1902 361 1954 Librum
376 1904 471 1966 etiam,
483 1903 528 1952 cui
541 1907 583 1954 est
594 1901 692 1954 titulus
706 1901 877 1972 Periologor,
894 1905 949 1957 edi.

155 1980 208 2044 dit,
224 1979 406 2030 continentem
417 1977 541 2045 querelas
552 1976 585 2028 de
595 1977 718 2041 iniuriis,
730 1991 799 2044 quas
809 1979 950 2047 professo-

154 2070 198 2105 res
217 2054 384 2121 negligentia
403 2060 431 2104 et
451 2053 600 2103 ambitione
619 2057 762 2118 parentum
783 2056 949 2121 acciperent.

103 2123 108 2130 ’
154 2128 219 2179 Fuit
230 2134 318 2179 autem
329 2134 445 2180 natiuae
456 2127 584 2191 acerbae,
595 2142 650 2177 uon
661 2127 744 2178 modo
754 2129 784 2177 ln
795 2128 949 2197 antisophi-

155 2208 224 2266 stas,
236 2217 306 2268 quos
317 2203 392 2254 omni
403 2202 548 2254 occasione
559 2200 702 2265 laceravit,
715 2202 763 2252 sed
774 2204 859 2256 etiam
869 2206 899 2256 ia
910 2205 949 2255 di-

154 2277 294 2344 scipulos3
313 2283 345 2328 ut
358 2277 493 2330 Horatius
508 2277 658 2346 significat,
669 2277 810 2346 plagosum
825 2295 887 2331 eurn
904 2295 948 2348 ap·

154 2352 272 2418 pallane,
284 2357 312 2403 et
321 2350 461 2404 Domitius
470 2351 592 2414 Marsus,
604 2352 740 2416 scribens,
769 2359 773 2367 '

247 2425 278 2475 Si
287 2441 350 2490 quos
361 2423 477 2478 Orbilius
479 2425 573 2496 ferula
583 2425 733 2492 scaticaquc
743 2427 861 2480 cecidit?

152 2499 191 2549 Ac
204 2514 238 2551 ne
251 2501 404 2567 principum
415 2500 523 2568 quidem
534 2502 655 2552 virorum
669 2502 852 2555 insectatione
863 2505 948 2556 absti-

151 2573 222 2623 nuit:
233 2574 368 2640 siquidem
378 2576 488 2641 ignotus
499 2572 596 2639 adhuc,
603 2589 685 2642 quum
694 2576 800 2628 iudicio
811 2577 948 2646 frequenti

151 2647 240 2695 testim
245 2648 335 2697 onium
353 2648 468 2712 diceret,
483 2650 669 2716 interrogatus
681 2666 698 2701 a
707 2650 847 2718 Varrone,
859 2655 946 2706 diver·

151 2730 198 2766 sae
208 2721 295 2784 partie
306 2721 454 2786 advocato,
467 2724 596 2791 quidnam
608 2731 709 2790 ageret,
721 2732 749 2777 et
759 2741 814 2794 quo
827 2729 945 2782 artificio
