2026 3020
96 155 148 253 ‘aa
171 215 175 224 ·
387 187 413 232 c.
436 184 621 234 suaromu

109 312 225 382 singulos
235 313 301 364 talos
312 309 427 381 singulos
442 310 563 362 denariae
572 310 601 362 ia
609 309 724 362 medium
734 308 905 384 conferebat:

108 404 171 455 qaae
182 387 289 440 tollebat
297 387 437 450 universos,
449 385 634 454 quiVeaerem
645 385 752 438 iecerat.
791 386 829 458 Et
842 404 903 439 rur-

107 480 153 515 sus
168 464 231 514 aliis
246 463 347 514 literis:
371 460 440 525 Nor,
462 462 499 513 mi
515 460 616 524 Tiberi,
635 460 817 528 Quinquatrus
834 463 902 514 satis

96 538 216 590 iacaade
236 539 345 606 egimus.
383 536 507 590 Lacimar
525 536 593 589 eaim
603 552 653 604 per
667 552 753 588 omnes
768 537 834 600 diet,
849 537 899 609 f⁰·

104 631 213 681 rumque
223 613 379 664 aleatorium
392 611 566 683 valefecimus.
605 609 705 662 Frater
718 619 778 663 tuae
792 613 899 680 raagrrir

104 688 259 741 clamoribus
273 704 328 738 rem
341 686 432 755 gessit.
471 687 516 737 Aa
531 701 658 738 rammam
678 696 765 738 tamea
778 687 901 754 perdidit

103 781 156 815 aaa
169 764 296 823 raaltam;
315 762 361 812 sed
374 779 405 812 err
420 762 523 831 magma
539 761 701 813 detrimentis
707 770 816 828 praeter
826 778 898 830 rpem

102 837 239 905 paullatim
259 846 390 888 retracrm
410 845 456 888 est.
495 835 558 905 Ego
573 836 681 903 perdidi
698 834 797 906 viginti
813 836 898 890 millia

103 919 302 974 murimammeo
311 912 427 974 narniae,
439 910 485 962 sed
494 927 572 978 quum
583 909 665 979 effrm
676 911 703 962 ia
713 913 771 963 luta
781 911 897 964 liberasti

96 987 222 1058 fuissem,
233 996 265 1038 at
273 989 340 1038 soleo
346 989 507 1054 plerumque.
547 985 616 1037 Nam
627 986 661 1049 si,
678 1002 742 1052 quar
752 1003 844 1038 aramus
854 1005 896 1040 re-

102 1063 163 1114 misi
171 1063 275 1129 cuique,
293 1062 446 1131 exegissem,
468 1070 517 1113 aut
525 1060 701 1124 retinuissem,
723 1059 897 1128 qaodcuique

102 1138 203 1200 donavi,
215 1137 332 1189 vicissem
341 1139 382 1187 cel
389 1136 583 1205 quinquaginta
594 1135 684 1187 ruillia.
719 1135 771 1187 Sed
779 1135 829 1188 boc
838 1153 895 1188 ata-

101 1214 134 1264 lo.
170 1211 334 1279 'Benignitar
355 1211 423 1262 enim
442 1227 500 1262 mea
520 1227 560 1260 me
579 1212 615 1261 ad
633 1213 766 1262 coelestem
778 1212 896 1280 gloriam

101 1286 203 1354 efferet
243 1287 346 1338 Scribit
356 1286 393 1336 ad
401 1286 500 1336 liliam:
522 1283 588 1336 Misi
601 1285 651 1336 tibi
664 1285 784 1336 denarios
798 1286 894 1339 ducea-

100 1371 140 1412 tos
150 1361 353 1430 quinquaginta,
359 1377 422 1426 quos
432 1359 542 1428 siugulis
553 1360 664 1412 concivis
675 1361 803 1424 dederam,
810 1360 835 1412 ei
843 1364 894 1412 cel-

100 1438 152 1486 leat
162 1436 231 1486 iater
241 1451 267 1486 se
278 1435 347 1488 iuter
357 1453 464 1488 coenam
474 1437 514 1486 cel
523 1435 583 1486 talio
593 1437 689 1503 velpar
699 1435 785 1503 impar
795 1436 892 1489 ludere.

155 1509 268 1562 Lxxu.
288 1511 319 1561 ln
333 1512 457 1578 partibus
477 1511 575 1561 ceteris
594 1511 668 1567 vitae
690 1511 893 1563 continentissi-

96 1601 171 1638 mum
191 1585 277 1637 fuisse
298 1592 418 1649 constat,
440 1601 473 1636 ac
486 1585 545 1636 siue
555 1587 712 1652 suspicione
721 1585 806 1637 ullius
821 1586 893 1638 vitii.

98 1659 245 1712 Habitavit
254 1662 343 1728 primo
354 1661 433 1711 iuxta
443 1659 596 1711 Romanum
607 1659 696 1712 forum
702 1699 710 1724 ,
731 1677 815 1729 supra
827 1661 892 1714 Sea·

98 1734 141 1784 las
152 1735 323 1798 tumularias,
338 1736 366 1784 iu
378 1735 474 1800 domo,
486 1751 557 1803 quae
568 1735 646 1786 Calvi
657 1737 777 1787 oratoris
787 1735 892 1800 fuerat3

97 1815 196 1876 postea
205 1810 234 1859 in
244 1808 368 1874 Palatio,
389 1810 437 1861 sed
451 1809 629 1862 nihilominus
646 1809 759 1862 aedibus
774 1811 893 1864 modicis

98 1883 306 1949 Hortensianis,
327 1891 354 1936 et
366 1900 454 1953 neque
469 1886 584 1936 laxitate
598 1901 685 1954 neque
696 1885 772 1936 cultu
783 1888 891 1954 conspi-

99 1960 170 2023 cuis,
185 1967 217 2010 ut
229 1962 258 2011 in
274 1961 372 2028 quibus
383 1962 507 2028 porticus
517 1961 612 2012 breves
623 1967 714 2013 essent
722 1961 892 2013 Albanarum

99 2034 299 2099 columnarum,
321 2042 348 2087 et
357 2037 416 2086 siue
430 2051 566 2086 nrarmore
575 2036 633 2086 ullo
646 2041 694 2086 aut
702 2037 806 2104 insigni
815 2039 892 2103 pavi-

18 2163 23 2174 ,
97 2115 188 2160 mento
210 2110 361 2160 conclavia.
399 2112 439 2162 Ac
458 2126 507 2176 per
527 2125 613 2160 annos
635 2111 752 2177 amplius
773 2111 890 2178 quadra-

97 2184 174 2248 ginta
183 2184 280 2234 eodem
292 2184 418 2235 cubiculo
430 2182 518 2235 hieme
529 2191 556 2236 et
567 2191 670 2236 aestate
682 2187 790 2250 mansit,
797 2202 891 2253 quam-

97 2259 139 2316 vis
160 2271 255 2324 parum
277 2258 414 2309 salubrem
434 2258 587 2310 valetudini
606 2275 672 2312 suae
686 2261 787 2312 Urbem
802 2259 892 2320 hieme

98 2333 276 2399 experiretur,
289 2333 573 2400 assiduequeinUrbe
584 2333 725 2387 hiemaret.
765 2335 796 2388 Si
806 2351 891 2404 quan-

98 2407 133 2459 do
150 2409 216 2475 quid
231 2414 336 2460 secreto
352 2414 400 2459 aut
413 2409 472 2460 sine
486 2409 707 2478 interpellatione
727 2426 808 2477 agere
828 2427 891 2478 pro-

2 2473 4 2543 ἶ
97 2485 247 2548 posuisset,
270 2489 329 2534 erat
341 2483 385 2534 illi
398 2483 475 2534 locus
490 2485 519 2535 in
534 2485 608 2536 edito
630 2484 790 2552 singularis,
812 2503 892 2554 quem

2 2545 3 2580 ³
98 2557 250 2622 Syracusas
262 2564 289 2610 et
304 2553 448 2620 τεχνόφυον
465 2562 596 2611 vocabat:
616 2557 828 2624 huctransibat,
845 2567 894 2612 aut

2 2631 3 2646 ¹
96 2631 125 2682 in
137 2634 253 2685 alicuius
268 2633 429 2688 libertorum
443 2636 641 2688 suburbanum:
666 2641 852 2702 aegerautem
862 2634 893 2688 in

4 2751 5 2754 ,
97 2705 179 2758 donno
194 2708 365 2764 Maecenatis
384 2711 512 2764 cubabat.
551 2711 593 2766 Ex
614 2703 766 2764 secessibus
786 2704 892 2783 praeci·
