2050 3034
114 205 165 257 104
395 207 421 250 C.
445 204 635 251 SUETONll

72 357 76 364 κ
113 331 146 382 ln
162 330 335 398 Asclepiadis
350 328 487 380 Mendetis
508 324 724 386 Θεολογουμένων
743 327 823 378 libris
843 329 921 397 lego,

113 404 219 467 Atiam,
241 421 321 470 quam
337 405 373 454 cul
385 404 504 455 sollemne
514 401 643 468 Apollinis
657 417 763 454 cccrum
772 402 860 454 irradia
871 421 921 456 nc·

113 490 154 533 cte
164 479 287 544 venisset,
304 477 394 546 posita
404 477 433 530 iu
444 476 652 544 terrrplc'lectica‚
675 477 736 527 dure
747 485 850 529 ceterae
860 495 919 530 ma·

114 564 207 608 monae
217 553 370 615 dormirent,
383 551 559 613 obdormiam
579 551 718 603 draconem
728 562 836 618 repente
846 553 917 604 irre·
1002 599 1003 604 ,

110 630 191 696 prisce
206 630 243 680 cd
256 644 325 690 earn,
342 627 484 694 puellaque
494 635 558 693 poet
570 641 721 695 egressum
739 626 812 678 illum
823 644 917 695 exper-

110 705 249 776 gesnerum
254 739 261 765 ,
283 701 360 769 quasi
374 717 390 752 α
405 701 545 753 concubitu
560 699 816 770 maritipure'flccese
826 719 866 766 ee,
889 713 918 755 et

111 779 203 831 statim
213 778 242 828 r'n
252 793 360 844 corpore
371 775 426 827 elur
438 775 568 828 cremasse
578 778 720 838 maculam,
736 778 807 828 velut
816 777 917 844 depicti
1002 797 1003 804 ¹

111 852 242 914 draconis,
254 867 301 904 uec
308 851 425 919 potuisse
435 866 552 917 unquam
562 851 658 912 exitum
679 852 743 902 caeo
755 859 786 903 ut
794 867 856 904 mox
864 868 914 920 pu-

111 927 184 979 blicis
199 926 297 978 balucis
307 934 435 994 perpetuo
450 924 625 986 abstinuerim
648 925 801 995 Augustum
819 936 914 978 uatum

110 1018 196 1054 iriense
207 1001 319 1065 declino,
336 1011 363 1053 et
372 1001 402 1052 cb
413 1000 479 1053 laec
488 999 617 1068 Apollinis
619 999 711 1068 filium
722 1000 911 1053 exietirrratum.

111 1078 213 1129 Eadem
224 1078 297 1142 litia,
308 1077 468 1145 priusquam
480 1082 598 1144 pareret,
610 1076 767 1140 somniavit,
778 1077 913 1128 intestina

110 1169 160 1205 sua
175 1152 243 1204 ferri
259 1152 294 1202 ad
310 1151 415 1214 sidera,
437 1150 624 1217 explicarique
638 1167 687 1219 per
703 1167 810 1202 omnem
824 1157 913 1202 terra-

109 1245 169 1279 rum
181 1234 208 1280 et
219 1227 291 1278 coeli
301 1225 443 1276 ambitum.
475 1225 630 1276 somniavit
641 1232 668 1276 et
677 1232 756 1292 pater
767 1226 911 1290 Octavius,

107 1311 187 1354 utero
199 1303 279 1352 Atiae
289 1301 371 1352 iubar
381 1300 449 1351 solis
461 1305 597 1350 exortum.
638 1299 699 1360 Quo
711 1306 793 1351 natus
804 1308 847 1352 est
856 1302 910 1365 die,

108 1393 192 1446 quum
204 1376 237 1427 de
250 1376 387 1427 Catilinae
398 1374 590 1426 coniuratione
602 1367 729 1441 ageretur
739 1376 768 1426 in
780 1377 872 1440 curia,
884 1384 912 1428 et

109 1451 241 1502 Octavius
252 1451 288 1500 cb
299 1450 396 1502 uxoris
405 1449 581 1517 puerperium
592 1449 680 1500 serius
692 1449 836 1515 adfuisset,
843 1456 911 1503 nota

33 1535 36 1539 '
109 1541 142 1578 uc
160 1525 275 1592 vulgata
294 1540 338 1575 res
352 1531 406 1588 est,
428 1523 459 1574 P.
475 1523 631 1590 Nigidium,
653 1530 795 1592 comperta
814 1541 909 1578 morae

108 1616 201 1666 causa,
212 1607 244 1651 ut
254 1599 351 1650 horam
363 1614 472 1666 quoque
483 1603 579 1664 partus
591 1601 736 1667 acceperit,
744 1601 909 1664 affirmasse,

108 1676 250 1727 dominum
270 1680 405 1724 terrarum
427 1672 490 1723 orbi
513 1679 617 1724 natum.
658 1674 774 1725 Octavio
800 1681 908 1742 postea,

108 1765 191 1818 quum
202 1764 251 1815 per
261 1753 368 1799 secreta
379 1745 515 1799 Thraciae
527 1749 677 1800 exercitum
689 1748 809 1813 duceret,
821 1751 851 1800 in
861 1748 908 1800 Li·

106 1824 166 1875 beri
176 1823 268 1874 Patris
283 1821 346 1873 lucc
361 1823 483 1874 barbara
497 1823 668 1875 caerimonia
682 1823 715 1874 de
730 1823 789 1875 lilio
812 1840 910 1876 consu·

106 1899 182 1962 lenti,
193 1899 267 1950 idem
279 1899 445 1948 affirmatum
456 1905 498 1950 est
508 1914 525 1948 a
536 1897 742 1960 sacerdotibus;
763 1899 853 1967 quod,
869 1900 909 1950 in·

105 1971 169 2025 fuso
181 1989 264 2042 super
275 1974 377 2024 altaria
387 1989 472 2036 mero,
484 1979 591 2024 tautrun
602 1973 729 2025 llammac
740 1974 907 2038 emicuisset,

104 2055 136 2100 ut
146 2063 325 2117 supergressa
335 2047 478 2115 fastigium
489 2047 586 2113 templi
596 2047 632 2097 ad
643 2047 751 2100 coelum
761 2049 908 2118 usqueier-

105 2130 194 2186 retur,
209 2125 312 2191 unique
324 2123 391 2174 olim
407 2122 519 2174 omnino
530 2121 634 2188 Magno
645 2122 803 2174 Alexandro
810 2163 817 2188 ,
835 2125 907 2192 apud

106 2196 217 2248 easdem
233 2211 296 2248 aras
311 2196 493 2260 sacrificanti,
514 2195 604 2247 simile
624 2199 797 2265 provenisset
818 2206 907 2250 osten·

105 2278 173 2322 tum.
201 2270 291 2339 Atque
302 2271 385 2322 etiam
396 2271 522 2339 sequenti
532 2271 626 2322 statim
637 2276 718 2324 nocte
728 2273 822 2326 videre
832 2275 909 2326 visus

105 2351 148 2398 est
157 2345 244 2398 filium
255 2345 369 2397 mortali
379 2347 469 2414 specie
481 2345 657 2413 ampliorem,
680 2362 740 2398 cum
755 2345 872 2402 fulmine
882 2355 909 2402 et

105 2429 225 2491 sceptro,
237 2421 399 2490 exuuiisque
409 2420 482 2472 lovis
495 2421 600 2488 Optimi
609 2420 740 2486 Maximi,
753 2439 787 2474 ac
796 2423 907 2475 radiata

107 2511 219 2561 corona,
232 2512 314 2564 super
324 2496 479 2547 laureatum
491 2496 659 2562 currum,bis
670 2497 744 2548 senis
754 2499 834 2566 equis
846 2513 901 2551 can·

106 2571 173 2624 dore
184 2573 285 2624 eximio
297 2571 479 2624 trahentibus.
517 2571 612 2623 lnlans
624 2568 722 2637 adhuc,
733 2579 765 2624 ut
775 2573 908 2642 seriptum

107 2647 180 2713 apud
192 2647 222 2698 C.
234 2646 355 2698 Drusum
366 2653 468 2711 exstat,
479 2647 619 2715 repositus
629 2662 743 2700 vescere
753 2647 783 2699 in
795 2664 909 2700 cimaea

105 2721 244 2771 nutricula
265 2722 327 2773 loco
349 2724 447 2790 plano,
468 2726 581 2791 postera
595 2721 656 2774 luce
670 2737 727 2774 nou
743 2723 908 2792 comparuit,
