2050 3034
293 217 485 270 TIBERlUS.
518 217 598 268 GAP.
616 219 732 269 ts-ct.
862 218 912 274 147

108 342 156 396 rio
171 357 309 412 pavonem
325 347 414 415 capite
427 347 543 416 punivit.
581 345 613 398 lu
628 346 748 416 quodam
761 349 860 400 itinere
875 348 913 401 le-

110 421 200 484 ctica,
213 437 268 489 qua
277 413 439 488 vehebatur,
456 425 586 490 vepribus
595 423 743 490 impedita,
755 423 900 491 explorato

108 511 169 546 rem
180 496 251 561 viae,
263 497 414 564 primarum
426 498 582 550 cohortium
592 499 789 564 centurionem,
795 505 912 551 stratum

108 569 189 621 humi
199 587 285 638 paene
297 574 333 624 ad
342 589 436 626 necem
447 575 610 626 verberavit.

168 644 242 697 LXl.
268 647 336 699 Mox
359 649 389 700 ln
415 664 494 700 omne
513 665 599 716 genus
619 650 791 703 crudelitatis
812 651 911 718 erupit,

108 735 252 788 nimquam
273 723 416 775 deficiente
436 726 566 776 materia:
591 739 673 793 quum
693 727 784 793 primo
804 725 910 789 matris,

109 797 176 847 dein
185 803 317 865 nepotum
331 806 360 850 et
373 813 472 862 nurus,
492 805 633 867 postremo
649 801 744 854 Seiani
757 801 911 852 familiares

111 877 195 938 atque
206 873 289 923 ctiam
300 879 383 925 notos
393 881 610 941 persequeretur.
648 875 718 927 Post
727 877 806 928 cuius
815 877 910 930 interi-

109 951 168 997 tum
179 946 224 998 vel
234 948 411 1000 saevissimus
427 950 545 1001 exstitit:
566 965 621 1017 quo
637 953 756 1002 maxime
772 953 910 1019 apparuit,

109 1026 239 1072 nontam
254 1023 345 1090 ipsum
361 1023 396 1074 ab
412 1023 513 1076 Seiano
530 1025 665 1075 concitari
679 1025 806 1088 solitum,
828 1040 911 1094 quam

110 1096 242 1148 Seianum
254 1099 397 1164 quaerenti
407 1101 569 1151 occasiones
580 1099 813 1153 subministrasse.
849 1099 912 1151 Etsi

110 1174 323 1237 commentario,
344 1189 425 1242 quem
440 1174 542 1226 devita
552 1189 603 1225 sua
614 1175 769 1225 summatim
780 1175 910 1228 breviter·

110 1261 165 1315 que
176 1250 344 1315 composuit,
367 1265 451 1300 auam
467 1257 509 1301 cst
528 1251 661 1314 scribere,
683 1250 808 1301 duanam
822 1265 849 1301 ce
859 1266 910 1317 pn·

110 1321 191 1386 birse,
214 1323 284 1389 quod
296 1324 464 1392 comperisset
469 1323 566 1395 furere
582 1325 704 1377 adversus
716 1324 871 1377 Gemmnict'
879 1325 910 1376 li-

111 1396 199 1460 bcros,
208 1397 330 1467 flainus:
351 1414 467 1468 quonum
482 1401 542 1467 ipse
553 1401 682 1464 alterum,
703 1407 831 1468 suspecto
842 1401 907 1463 iarn,

112 1472 228 1524 alterum
240 1489 256 1525 o
278 1489 372 1542 presso
385 1474 493 1526 demum
504 1475 614 1540 Seiano,
625 1476 772 1528 interemit.
808 1476 908 1543 Singil-

111 1547 190 1598 latim
206 1489 353 1601 crudeliter
366 1549 442 1600 facta
457 1552 517 1602 eius
532 1551 645 1618 exsequi
660 1551 773 1616 longum
788 1557 843 1601 est:
863 1565 909 1616 ge·

111 1637 186 1686 nera,
197 1623 273 1676 velut
282 1625 463 1693 exemplaria,
480 1626 613 1676 saevitiae
623 1639 783 1677 enumerare
793 1631 837 1675 sat
847 1626 908 1676 erit.

109 1695 210 1750 Nullus
222 1714 238 1750 a
249 1713 340 1766 poena
350 1698 491 1751 hominnm
502 1702 620 1752 cessavit
631 1701 703 1765 dies,
715 1715 749 1752 ne
759 1700 908 1768 religiosus

112 1771 221 1841 quidem
233 1789 266 1824 ac
275 1771 362 1826 sacer.
377 1774 602 1826 Animadversum
613 1776 642 1825 iu
652 1776 787 1841 quosdam
797 1775 908 1827 ineunte

110 1863 182 1900 anno
198 1863 286 1901 noro:
312 1850 436 1919 accusati
450 1849 627 1916 damnatique
641 1849 722 1900 multi
736 1865 797 1900 cum
813 1850 908 1902 liberis

110 1928 192 1990 atque
203 1925 286 1975 ctiam
300 1926 436 1977 uxoribus
450 1925 517 1974 suis.
556 1923 747 1986 Interdictum,
768 1939 802 1974 ne
818 1924 908 1989 capite

109 1997 255 2050 damnatos
266 2001 415 2068 propinqul
424 2000 560 2068 lugerent:
577 1997 688 2049 decreta
699 1999 908 2049 aceruatoribus

109 2074 258 2141 praecipua
273 2076 408 2141 praemia,
429 2087 624 2142 nonnumquam
643 2079 672 2124 ct
688 2074 815 2124 testibus.
854 2073 906 2126 Ne·

107 2149 176 2198 mini
190 2148 345 2200 delatorum
361 2151 428 2201 tides
444 2152 589 2218 abrogata.
630 2148 716 2201 Omne
731 2149 834 2204 crimen
854 2169 904 2222 pro

109 2224 224 2290 capitali
238 2231 390 2290 receptum,
411 2227 495 2276 etiam
513 2241 664 2293 paucorum
685 2226 905 2295 simpliciumque

106 2299 262 2350 verborum.
302 2299 445 2350 obiectum
456 2307 497 2351 est
506 2305 617 2367 politae,
635 2303 708 2369 quod
720 2303 748 2353 in
759 2304 905 2370 tragoedia

106 2372 336 2438 Agamemnonem
351 2375 460 2441 probris
475 2375 643 2427 lacessisset:
665 2378 802 2429 obiectum
817 2382 845 2427 et
864 2374 904 2425 bi-

107 2449 224 2512 storico,
241 2449 316 2517 quod
326 2449 441 2499 Brutum
453 2450 633 2519 Cassiumque
641 2451 755 2502 ultirnos
765 2451 904 2502 Romano·

105 2535 164 2572 rum
180 2522 309 2574 dixisset:
329 2523 548 2575 animadversum
562 2530 605 2575 est
619 2526 712 2575 statim
727 2527 756 2575 in
767 2531 903 2587 auctores,

106 2598 264 2668 scriptaque
275 2598 390 2661 abolita,
397 2599 523 2666 quamvis
532 2600 717 2664 probarentur
727 2605 790 2649 ante
796 2599 905 2665 aliquot

107 2685 206 2737 annos,
224 2673 307 2724 etlam
322 2675 445 2740 Angusto
462 2671 603 2738 audiente,
617 2671 743 2722 recitata.
784 2672 903 2734 Quibus-

108 2745 169 2802 dam
180 2747 326 2800 custodiae
339 2744 451 2800 traditis
466 2761 522 2798 non
536 2744 620 2798 modo
635 2746 764 2798 studendi
774 2747 905 2800 solatium

651 2839 699 2888 Ka
