2036 3022
250 279 254 292 2
343 243 453 293 NERO.
490 243 566 292 GAP.
586 244 701 291 stt-to.
871 248 920 300 251

119 368 324 426 resalutatione
334 369 452 438 quidem.
463 369 500 422 Et
508 371 538 421 in
547 369 716 438 auspicando
728 370 919 442 operelsthmi,

120 461 227 515 magna
236 446 391 515 frequentia
402 446 487 510 clare,
503 455 535 498 nt
544 445 595 496 sibi
603 447 737 513 ecpopalo
747 445 868 499 Roncano
879 450 920 501 be-

121 539 158 574 ne
169 537 211 573 rec
221 530 340 584 verteret,
347 523 461 590 optavit,
468 521 642 573 dissimulata
653 527 764 573 senatus
773 525 919 576 mentione.

181 595 333 648 xxxvm.
356 596 408 649 Sed
423 611 473 648 nec
483 597 587 665 populo
600 602 648 647 aut
657 598 802 649 moenibus
812 600 920 665 patriae

120 672 256 741 pepercit.
295 672 410 724 Dicente
421 672 541 739 quodam
551 673 580 722 in
590 687 715 724 sermone
727 675 878 725 communi:

253 741 331 804 Ἐμοῦ
340 743 472 799 θανόντος
482 748 546 808 γαῖα
554 744 677 811 politico}
688 747 765 814 πυρὶ·

121 823 189 884 imo,
205 822 308 890 iuquit,
329 819 392 879 iaci
403 815 504 874 ζῶντος.
543 820 682 891 l¹laneque
697 824 738 874 ita
752 823 831 876 fecit:
855 840 918 877 nam

122 898 208 968 qrrasl
218 896 339 948 offensus
350 895 525 948 deformitate
534 903 654 947 veterum
667 899 870 965 aedificiorum,
892 907 919 952 et

123 972 261 1041 angustiis
275 972 440 1039 flexurisque
453 970 590 1034 vicorum,
611 972 734 1022 incendit
747 974 846 1026 Urbem
860 982 918 1027 tam

121 1048 227 1118 palam,
237 1053 268 1098 ut
277 1046 401 1115 plerique
411 1045 571 1098 consulares
582 1046 767 1098 cubicularios
778 1049 845 1114 eius,
859 1066 918 1102 curn

121 1130 226 1191 stuppa
238 1123 374 1190 taedaque
387 1123 418 1172 in
432 1121 554 1189 praediis
569 1121 627 1172 suis
648 1120 830 1188 deprehensos
835 1162 843 1188 ,
864 1141 920 1177 non

122 1199 279 1265 attigerint3
300 1204 328 1248 et
338 1197 471 1267 quaedam
482 1194 582 1248 horrea
592 1197 667 1248 circa
678 1196 787 1248 domurn
793 1199 920 1264 Auream,

122 1269 920 1342 quorumspatiummaxirnedesiderabat,[ut]bellicisma-

121 1348 213 1402 chinis
223 1348 392 1400 labefactata
403 1353 483 1415 atque
494 1347 664 1398 iollamniata
675 1348 738 1412 sint,
746 1348 823 1416 ‘quod
834 1365 919 1402 saxeo

120 1439 203 1478 muro
216 1429 373 1477 constructa
384 1429 469 1474 eraut.
508 1422 562 1474 Per
576 1437 623 1474 sex
634 1422 693 1475 dies
704 1429 860 1494 septemque
870 1441 919 1477 no-

121 1506 181 1553 ctes
192 1515 225 1551 ea
236 1498 313 1551 clade
324 1499 457 1550 saevitum
469 1503 519 1563 est,
531 1497 566 1548 ad
576 1505 814 1552 monumentorum
824 1502 919 1553 busto-

121 1590 240 1642 rumque
251 1574 403 1626 diversoria
418 1574 496 1642 plebe
513 1575 663 1642 compulsa.
703 1574 795 1639 Tunc,
809 1583 919 1642 praeter

119 1647 285 1704 immensum
302 1665 443 1700 numerum
461 1650 627 1714 insularum,
649 1650 746 1701 domus
765 1651 918 1718 priscorum

121 1727 223 1778 ducum
236 1729 373 1788 arsenrnt,
388 1723 535 1776 hostilibus
547 1723 637 1776 adhuc
647 1726 745 1794 spoliis
757 1725 917 1790 adornatae,

121 1802 292 1868 deorumque
307 1800 388 1851 aedes
404 1800 439 1849 ab
454 1800 577 1866 regibus,
600 1815 632 1851 ao
652 1800 750 1852 deinde
764 1800 877 1854 Punicis
892 1809 919 1852 et

121 1876 242 1928 Gallicis
251 1875 331 1926 bellis
342 1881 423 1925 votae
434 1874 639 1941 dedicataeque,
651 1881 679 1925 et
689 1876 819 1942 quicquid
830 1878 918 1927 viren-

120 1953 188 2004 dum
209 1957 291 2019 atque
311 1947 490 2002 memorabile
514 1963 547 2000 ex
573 1950 736 2014 antiquitate
762 1950 917 2002 duraverat.

119 2026 186 2079 Hoc
204 2026 362 2078 incendium
381 2042 396 2076 e
415 2025 486 2076 turri
499 2023 709 2076 Maecenatiana
729 2031 917 2091 prospectans,

119 2101 408 2170 laetusqueflommae,
425 2107 456 2152 ut
471 2100 576 2164 alebat,
592 2097 802 2167 pulchritudine,
823 2093 918 2149 ἅλωσιν

118 2175 167 2228 llil
176 2178 206 2228 ln
215 2176 266 2228 illo
278 2191 328 2228 suo
340 2177 448 2227 scenico
460 2174 558 2228 habitu
567 2175 732 2226 decantavit.
769 2175 808 2226 llo
816 2191 851 2227 ne
861 2191 917 2227 nou

118 2251 185 2304 hinc
195 2267 305 2322 quoque
315 2257 446 2320 qnantum
457 2256 551 2318 posset
560 2251 680 2318 praedae
690 2256 717 2302 et
726 2251 917 2302 manubiarum

117 2327 274 2389 invaderet,
295 2326 437 2394 pollicitus
453 2327 616 2378 cadaverum
630 2332 658 2378 et
671 2325 799 2377 ruderum
813 2327 917 2393 gratui-

118 2410 177 2454 tam
193 2403 372 2472 egestionem,
392 2402 495 2452 nemini
505 2401 540 2451 ad
550 2401 682 2471 reliquias
697 2416 787 2451 rerum
806 2415 916 2452 suarum

119 2477 200 2531 adire
209 2477 347 2548 permlslt3
369 2476 619 2545 collectionibusque
628 2490 684 2527 non
695 2476 812 2542 receptis
823 2475 916 2540 modo,

118 2569 217 2605 verum
228 2560 256 2606 et
266 2553 436 2620 efflagitatis,
452 2551 609 2618 provincias
620 2551 845 2618 privatorumque
856 2566 917 2602 cen-

118 2645 167 2681 sus
177 2645 264 2697 prope
274 2627 409 2680 exhausit.

176 2705 305 2756 XXXIX.
325 2704 504 2755 decesserunt
523 2701 609 2752 tantis
629 2713 663 2752 ex
686 2699 811 2768 principe
835 2702 915 2753 malis

117 2781 284 2850 probrisque
305 2779 441 2847 quaedam
459 2784 487 2831 et
505 2775 633 2829 fortuita:
657 2775 815 2844 pestilentia
833 2777 916 2828 unius
