2026 3020
151 221 184 274 54
216 248 220 258 ·
425 221 452 266 0.
480 218 668 268 SUETONll

150 347 270 411 solibus,
292 345 428 408 Hirtium,
448 344 477 394 iu
492 357 599 410 pugnae
613 339 732 391 tumultu
743 339 851 408 abipso
862 339 944 392 luter-

149 439 190 474 em
211 429 276 473 tunt.

192 440 265 548 lel'.
287 495 341 548 Sed
349 500 381 545 ut
391 493 528 560 cognovit,
540 491 686 542 Antonium
697 494 761 557 post
770 489 865 557 fugam
878 505 895 540 a
905 491 942 542 M.

148 571 255 640 Lepido
267 574 418 640 receptum,
431 571 591 633 ceterosque
602 565 684 617 duces
694 570 722 616 et
731 565 869 616 exercitus
880 581 942 618 cou-

149 647 250 699 sentlre
264 661 314 714 pro
329 643 468 710 partibus,
489 655 600 692 eausam
616 640 790 709 optimatium
804 640 865 692 sine
880 656 943 692 erru-

151 722 271 773 ctatione
283 719 416 782 deseruit,
433 717 468 768 ad
478 721 648 785 praetextum
659 720 780 766 auritatae
791 715 943 768 voluntatis

150 797 225 846 (licta
239 793 368 862 lacteque
383 792 556 862 quorumdam
577 791 771 852 calumniatus;
792 790 875 859 quasi
895 790 945 841 alii

150 887 179 922 se
195 883 318 936 puerum,
340 867 390 918 alil
407 867 553 919 ornandam
573 865 761 930 tollendumque
779 865 944 926 iactasseut3

149 961 200 996 neo
214 949 263 995 aut
276 943 331 994 sibi
345 948 394 993 aut
407 942 544 994 veteranis
554 956 604 1009 par
614 940 704 1007 gratia
714 939 870 992 referretur.
909 939 946 992 Et

152 1035 206 1088 quo
221 1018 310 1086 magis
323 1017 519 1086 poenitentiam
535 1016 637 1084 prioris
656 1019 747 1066 sectae
768 1015 945 1084 approbaret,

152 1095 288 1148 Nursinos
298 1093 396 1160 grandi
407 1093 531 1161 pecrmia,
537 1097 565 1142 et
575 1105 655 1158 quam
666 1089 783 1157 pendere
791 1090 945 1162 nequirent,

151 1169 293 1231 multatos,
305 1173 428 1219 extorres
440 1166 542 1234 oppido
554 1166 622 1231 egit:
638 1164 712 1232 quod
722 1164 873 1215 Mutinensi
886 1165 946 1217 acie

152 1246 377 1310 interemptorum
404 1241 503 1291 civium
532 1240 637 1290 urnrulo
667 1240 777 1306 publice
804 1245 946 1291 exstructo

153 1319 345 1384 ascripserant,
358 1314 412 1367 Pro
422 1313 543 1366 libertate
553 1329 595 1364 eoa
605 1313 760 1365 occuluisse.

208 1391 283 1441 Xlll.
307 1390 379 1441 lnlta
404 1405 463 1442 eum
484 1389 603 1439 Antonio
625 1394 652 1438 et
671 1387 778 1456 Lepld'o
803 1390 947 1455 societate,

155 1465 331 1534 Philippense
342 1479 452 1534 quoque
461 1463 572 1526 bellum,
585 1457 739 1531 quanquam
754 1463 893 1515 invalidus
908 1472 948 1516 at-

155 1557 208 1611 que
219 1555 312 1608 aeger,
328 1539 433 1607 duplici
443 1539 550 1606 proelio
560 1538 706 1604 transegit:
728 1553 844 1606 quorsum
855 1540 948 1607 priore

155 1617 254 1668 castris
274 1619 371 1666 exutus
390 1615 437 1664 vix
451 1613 487 1662 ad
501 1612 614 1662 Antonii
633 1627 717 1663 cornu
731 1611 798 1679 luga
813 1621 948 1666 evaserat.

154 1691 212 1742 Nec
227 1703 381 1740 successum
395 1687 530 1738 victoriae
544 1686 702 1738 moderatus
716 1693 769 1738 cst:
794 1687 843 1738 sed
858 1689 949 1758 capite

155 1764 235 1816 Bruti
246 1763 360 1813 Romam
374 1763 472 1825 misso,
492 1766 524 1812 ut
537 1766 645 1812 statuae
661 1761 788 1813 Caesaris
801 1762 950 1816 subiicere-

154 1847 212 1902 tur,
227 1839 257 1889 in
267 1835 516 1906 splendidissimum
529 1851 662 1906 quemque
677 1837 812 1905 captivum
823 1854 880 1890 nou
891 1840 950 1890 sine

156 1915 302 1966 verborum
316 1911 482 1964 contumelia
497 1911 607 1962 saeviit:
626 1917 658 1961 ut
668 1911 777 1980 quidem
788 1913 951 1981 suppliciter

155 1990 204 2040 uni
223 1987 390 2057 sepulturam
411 1987 536 2055 precanti
554 1985 730 2052 respondisse
750 1986 871 2038 dicatur:
896 1987 951 2038 iam

156 2065 234 2116 istam
244 2063 272 2115 ia
286 2064 418 2115 volucrum
432 2069 587 2126 potestatem
594 2058 676 2129 fem·
696 2061 780 2124 alios,
802 2070 910 2128 patrem
924 2067 951 2113 et

156 2139 256 2200 lilium,
271 2153 322 2204 pro
333 2137 391 2187 vita
401 2141 543 2203 rogantes,
555 2135 651 2185 sortiri
660 2136 704 2186 vel
714 2135 815 2187 nlicere.
825 2137 949 2200 mississe,

156 2219 187 2261 ut
207 2210 332 2261 alterutri
353 2209 559 2270 concederetur3
590 2223 623 2259 ac
646 2216 784 2277 spectasse
803 2217 950 2280 utrumque
1003 2235 1004 2258 r

156 2285 330 2348 morientem,
343 2299 424 2353 quum
436 2289 526 2351 patre,
539 2282 626 2350 quise
638 2284 788 2349 obtulerat,
800 2285 909 2350 occiso,
921 2288 951 2336 li-

156 2361 210 2411 lius
221 2374 330 2429 quoque
340 2358 497 2409 voluntaria
508 2358 681 2410 occubuisset
691 2373 764 2410 nece.
805 2360 899 2421 Quare
910 2376 951 2412 ee-

157 2433 223 2500 teri,
244 2439 271 2486 et
289 2435 318 2484 iu
338 2431 381 2483 his
393 2433 431 2483 M.
446 2433 599 2496 Favonius,
619 2433 667 2485 ille
683 2433 797 2484 Catonis
817 2435 951 2498 aemulus,

156 2525 239 2579 quum
260 2508 381 2560 catenati
400 2508 628 2577 producerentur,
648 2507 814 2576 imperatore
828 2509 949 2562 Antonio

155 2581 308 2637 honorilice
318 2583 452 2647 salutato,
463 2581 536 2634 lrunc
544 2581 706 2636 foedissimo
718 2584 843 2636 convieio
856 2601 950 2638 coram

156 2660 357 2726 proselderuut.
391 2658 506 2710 Partitis
516 2664 581 2726 post
590 2658 735 2709 victoriam
747 2659 856 2724 officlls,
869 2677 952 2730 quum

157 2734 292 2786 Antonium
308 2734 446 2788 Orientem
468 2733 663 2797 ordinandum,
684 2734 744 2806 ipse
761 2739 911 2793 veteranos
924 2737 952 2792 iu
