2026 3020
225 268 482 318 ocrnvmuus.
518 270 593 318 CAP.
611 272 696 318 4-8.
827 268 859 320 51

57 394 188 456 liciatum
213 393 263 445 sed
276 399 304 445 et
315 395 380 446 mox
396 397 566 447 confirmata,
606 395 677 448 Nam
698 410 781 463 quum
794 411 858 462 pos·

57 484 153 520 sessor
163 467 250 520 villae
260 485 356 534 novus,
369 486 418 522 seu
427 469 500 522 forte
511 487 560 522 seu
570 470 697 522 tentandi
708 485 800 534 causa,
813 487 857 521 cu-

56 545 146 595 bitum
157 560 189 594 se
200 559 233 595 eo
245 544 417 609 contulisset,
434 545 534 609 evenit,
545 552 588 610 ut,
599 551 665 612 post
673 545 857 613 paucissimas

56 619 148 670 noctis
169 617 254 671 horas
275 621 436 670 exturbatus
455 620 520 671 inde
539 621 633 671 subita
652 621 680 672 vi
698 626 726 672 et
740 621 855 683 incerta,

56 709 144 760 paene
158 693 329 746 semianimis
345 710 405 745 clun
421 701 508 750 strato
525 695 608 746 sinml
622 694 770 748 anteferes
781 697 856 748 inve-

56 771 172 820 nitetur.

109 843 174 894 Vll.
194 842 298 894 Infanti
313 859 464 912 cognomen
479 844 603 897 Thurino
618 845 736 897 inditum
751 852 804 910 est,
825 847 854 897 in

59 919 221 970 memoriam
235 918 372 970 maiorum
388 919 516 986 originis,
537 921 582 972 vel
597 921 671 986 quod
690 922 719 971 in
739 923 854 988 regione

58 993 191 1057 'interium
201 1009 297 1044 recens
308 1008 340 1045 eo
351 999 428 1057 ueto,
439 999 517 1060 pater
529 995 660 1045 Octavius
671 995 800 1046 adversus
811 994 853 1045 fu-

55 1070 157 1134 gitivos
168 1083 302 1136 prospere
311 1084 368 1120 rem
377 1074 509 1135 gesserat.
549 1067 701 1118 'l'hurinrun
713 1070 853 1134 cognomi-

55 1151 159 1207 natum,
166 1143 237 1194 satis
248 1149 322 1194 certa
332 1143 496 1212 probatione
506 1141 676 1207 tradiderim,
681 1148 778 1194 nactus
788 1158 853 1209 puc-

55 1219 134 1270 rilem
143 1217 349 1284 imagunculam
360 1217 419 1270 eius
434 1233 541 1270 aeream
557 1224 688 1282 veterem,
708 1217 805 1270 ferreis
820 1233 853 1267 ac

56 1309 142 1358 paene
155 1293 213 1344 iam
228 1293 447 1345 exolescentibus
461 1294 550 1344 literis
565 1291 618 1344 hoc
631 1294 742 1344 nomine
756 1293 852 1342 inscri-

56 1376 143 1434 ptam:
165 1383 250 1434 quae,
266 1367 340 1420 dono
352 1384 369 1418 a
379 1385 422 1419 me
432 1369 552 1435 principi
562 1367 639 1432 data,
660 1368 733 1419 inter
743 1367 851 1419 cubicu-

57 1443 127 1494 lares
143 1443 255 1494 colitur.
296 1442 350 1494 Sed
364 1449 392 1494 et
406 1458 423 1492 a
432 1441 471 1492 M.
482 1443 602 1494 Antonio
616 1443 646 1494 in
655 1441 790 1510 Epistolis
803 1458 854 1509 per

56 1518 252 1569 contemeliam
267 1533 348 1584 saepe
359 1515 499 1568 Thurinus
514 1518 680 1585 appellatur:
702 1525 729 1569 et
742 1519 801 1584 ipse
812 1518 853 1567 ni-

55 1590 95 1642 hil
105 1591 235 1660 amplius‚
247 1607 328 1661 qnam
340 1593 436 1643 mirari
445 1609 475 1644 se
485 1593 625 1656 rescribit,
637 1607 688 1658 pro
700 1591 850 1658 opprobrio

56 1668 132 1733 prius
143 1667 308 1717 sibinomen
324 1667 418 1718 obiici.
457 1667 560 1719 Postea
571 1667 698 1718 Caesaris
713 1672 740 1718 et
754 1664 852 1716 deinde

56 1742 172 1809 Augusti
193 1756 345 1808 cognomen
365 1743 526 1809 assumpsit,
553 1741 669 1793 altermn
688 1746 851 1792 testamento

56 1817 171 1868 maioris
184 1817 325 1881 avunculi,
347 1817 462 1868 alterum
472 1816 593 1866 Munatii
602 1814 698 1866 Planci
708 1815 851 1878 sententia,

57 1907 153 1958 quum,
171 1891 336 1958 quibusdam
348 1891 533 1952 censentibus,
554 1889 701 1940 Romulum
717 1889 852 1957 appellari
886 1892 889 1898 '

57 1972 200 2034 oportere,
215 1965 297 2032 quasi
305 1962 431 2034 et‘ipsum
443 1963 614 2015 conditorem
624 1964 720 2026 Urbis,
739 1978 852 2030 praeva-

56 2041 167 2106 luisset,
188 2046 221 2092 ut
234 2041 372 2107 Arrgustns
388 2039 480 2106 potins
493 2042 652 2100 vocaretur,
672 2053 727 2087 non
745 2042 853 2088 tantum

56 2132 129 2168 nouo
149 2115 201 2168 sed
221 2116 304 2166 etiam
326 2115 459 2182 ampliore
479 2113 655 2180 cognomino:
682 2109 771 2178 [qnod
790 2112 853 2162 loca

8 2213 9 2216 ¹
58 2207 168 2258 ortoque
178 2190 325 2256 religiosa,
345 2191 410 2240 etin
424 2189 523 2256 quibus
535 2192 670 2254 augtuato
682 2187 748 2256 qnid
759 2203 853 2240 conse·
925 2189 928 2198 '

29 2315 33 2330 ,
59 2272 164 2330 cratim,
177 2269 296 2332 auguste
307 2265 440 2327 dicautur,
453 2265 487 2316 ab
499 2269 595 2326 auctu,
607 2263 650 2314 vel
661 2263 696 2314 ab
707 2263 798 2315 avium
809 2278 853 2330 ge-

59 2351 102 2391 sm
111 2346 240 2408 gustuve,
252 2340 324 2390 sicut
333 2340 416 2391 etiam
426 2337 531 2390 Ennius
543 2339 632 2402 docet,
644 2339 778 2390 scribens:

59 2415 183 2485 Augusto
193 2413 310 2482 augerio
316 2422 457 2480 postquam
466 2413 567 2466 incluta
578 2411 683 2464 condita
694 2412 780 2464 Roma
791 2409 852 2476 eat]

112 2489 189 2542 Vlll.
217 2489 383 2550 Quadrimus
402 2494 508 2554 patrem
528 2487 632 2538 amisit:
663 2485 856 2538 duodecimum

60 2581 160 2617 annum
171 2579 271 2632 agens,
283 2565 371 2614 aviam
382 2563 480 2612 luliam
492 2561 647 2614 defunctam
658 2576 708 2627 pro
722 2559 855 2612 concione

58 2640 193 2692 laudavit.
231 2638 422 2699 'Quadriennio
434 2642 505 2702 post,
517 2637 592 2687 virili
601 2641 669 2699 toga
678 2640 795 2702 sumpta,
806 2632 856 2682 mi·

56 2715 187 2766 literibus
204 2711 285 2764 donis
299 2709 437 2779 triumpho
450 2710 577 2762 Caesaris
591 2707 721 2759 Africano
738 2709 857 2767 donatus

57 2797 112 2860 est,
134 2804 293 2860 qrranquam
309 2803 405 2856 expers
420 2784 487 2838 belli
497 2789 611 2854 propter
623 2787 748 2838 aetatem.
786 2780 855 2863 l'ro·

610 2874 658 2921 Dr
