2036 3022
261 195 461 246 CLAUDIUS.
497 196 575 244 GAP.
594 197 710 242 tri-29.
838 193 888 250 215

88 339 140 393 per
150 319 310 391 spectacula
320 321 425 390 gremio
437 325 486 372 aut
500 325 564 372 ante
578 336 608 372 se
622 320 755 385 retinens,
778 321 888 375 assidue

89 397 315 463 commendabat,
336 397 489 465 faustisque
505 395 643 448 ominibus
658 409 719 446 curn
735 394 887 448 acclaman-

89 477 160 525 tium
169 474 253 524 turba
267 473 494 540 prosequebatur.
532 471 556 520 Ε
571 469 678 538 generis
689 468 826 522 Neronem
841 472 888 522 ad-

87 549 210 615 optavit:
240 546 402 616 Pompeium
423 553 506 613 atque
526 545 651 598 Silanum
666 560 729 597 non
749 547 886 598 recusavit

88 623 183 686 modo,
194 622 245 674 sed
253 628 281 674 et
289 622 436 674 interemit
597 653 602 659 -

145 696 272 749 XXVlll.
292 696 469 749 Libertorum
479 697 626 763 praecipue
637 694 885 762 suspexitPosiden

89 772 255 840 spadonem,
276 787 355 840 quem
375 772 459 823 etiam
471 770 633 823 Britannico
653 768 793 840 triumpho
813 773 885 824 inter

88 848 224 899 militares
237 848 313 900 unos
328 845 409 898 haste
423 862 493 914 pura
507 845 633 898 donavit:
653 863 704 898 nec
713 847 802 898 minus
812 845 884 900 Feli-

89 939 162 988 cem,
175 937 254 989 quem
265 920 426 974 cohortibus
441 928 468 973 et
479 921 531 974 alis
542 921 755 988 provinciaeque
765 922 884 975 Iudaeae

88 997 249 1066 proposuit,
264 998 346 1048 trium
356 996 513 1064 reginarum
528 996 668 1046 maritum:
689 1001 716 1046 et
725 995 884 1064 Arpocram,

90 1073 135 1124 cni
144 1073 245 1124 lectica
253 1088 303 1139 per
309 1073 409 1125 Urbem
419 1069 544 1133 vehendi,
555 1069 766 1136 spectaculaque
777 1070 886 1136 publice

89 1147 192 1200 edendi
199 1148 244 1198 ins
252 1148 363 1200 tribuite
385 1163 418 1199 ac
432 1163 514 1213 super
529 1144 579 1196 hos
589 1143 737 1211 Polybium
750 1161 767 1196 a
776 1145 885 1210 auidiis,

89 1224 140 1292 qni
153 1238 236 1289 saepe
250 1223 322 1275 inter
335 1223 405 1274 duos
421 1222 548 1274 consules
563 1219 734 1272 ambulabat:
760 1220 808 1271 sed
823 1225 886 1270 ante

90 1311 186 1350 omnes
196 1297 356 1350 Narcissum
367 1299 401 1348 ab
413 1297 552 1364 epistolis,
573 1301 600 1346 et
609 1292 763 1346 Pallantem
774 1310 791 1345 a
800 1295 900 1346 ratio-v

88 1374 184 1436 nibus3
205 1389 274 1440 quos
291 1373 400 1425 decreto
420 1387 530 1440 qnoque
549 1375 660 1420 senabrs
679 1385 735 1422 non
755 1371 884 1437 praemiis

88 1449 174 1501 modo
194 1449 365 1516 ingentibus,
386 1447 434 1500 sed
455 1453 483 1500 et
501 1445 668 1513 quaestoriis
682 1445 884 1513 praetoriisque

89 1524 260 1576 ornamentis
269 1521 402 1575 honorari
411 1522 500 1574 libens
510 1535 609 1588 passus
620 1526 672 1583 est,
688 1525 795 1571 tantum
805 1536 883 1586 prae-

87 1606 166 1652 terea
177 1599 319 1665 acquirere
329 1605 357 1650 et
366 1613 474 1664 rapere,
494 1604 539 1660 ut,
560 1600 689 1664 querente
700 1609 733 1646 eo
745 1593 883 1662 quondam

87 1674 122 1726 de
133 1673 196 1724 tisci
205 1674 364 1740 exiguitate,
371 1689 426 1724 non
437 1671 555 1724 absurde
565 1671 603 1722 sit
613 1670 724 1733 dictum,
736 1669 883 1722 abundatu-

87 1765 156 1812 rum,
168 1747 193 1800 εἰ
202 1763 219 1798 a
229 1748 326 1800 duobus
336 1747 436 1799 libertis
446 1746 474 1798 irs
484 1743 644 1798 consortium
653 1743 821 1812 reciperetur.

143 1823 247 1875 xxix.
266 1823 331 1889 llis,
346 1829 378 1874 nt
388 1822 458 1885 dixi,
473 1820 662 1887 uxoribusque
672 1818 812 1884 addictus,
828 1835 883 1872 non

85 1899 241 1968 principem
252 1914 290 1962 se,
300 1899 349 1950 sed
359 1897 513 1949 ministrum
523 1895 588 1961 egit.
614 1892 783 1958 Compendlo
794 1895 883 1946 cuius-

87 1990 141 2042 que
161 1972 273 2037 borum,
292 1973 434 2026 ueletiam
449 1969 542 2022 studio
559 1984 592 2019 ac
607 1965 735 2032 libidine,
754 1965 883 2032 honores,

86 2049 233 2113 exercitus,
244 2048 434 2116 impunitates,
446 2045 584 2112 supplicia
594 2042 711 2110 largitus
722 2048 775 2106 est,
787 2050 814 2095 et
824 2044 883 2110 qui-

86 2126 148 2177 dem
158 2125 279 2176 insciens
290 2123 449 2191 plerumque
463 2128 491 2174 et
504 2122 627 2189 moeurs.
665 2117 705 2170 sle
714 2134 748 2170 ne
759 2118 883 2187 singilla-

85 2202 134 2252 tim
146 2200 261 2251 minima
272 2213 395 2266 quaeque
406 2213 571 2260 enumerem,
586 2200 730 2246 revocatas
741 2193 883 2248 libertates

85 2277 158 2340 eius,
179 2273 285 2326 iudicia
299 2274 429 2338 rescissa,
450 2271 609 2340 suppositos
625 2270 770 2322 autetiam
790 2270 888 2338 palem

84 2352 248 2402 imunitates
268 2349 395 2400 datorum
411 2349 566 2400 officiorum
582 2343 741 2407 codicillns;
765 2346 883 2413 Appium

86 2426 213 2478 Silanum
223 2439 401 2477 consocerum
412 2421 654 2488 suum‚luliasque,
667 2419 782 2472 alteram
788 2419 882 2482 Drusi,

87 2502 203 2554 alteram
209 2499 367 2552 Germanici
377 2499 471 2562 liliam,
483 2497 595 2549 crimine
605 2497 720 2558 incerto,
732 2509 782 2546 nec
792 2493 883 2546 defen-

13 2635 14 2640 ,
84 2577 165 2629 sione
173 2576 233 2628 nlla
243 2575 322 2640 deta,
334 2573 449 2626 occidit:
468 2573 534 2624 item
546 2573 594 2622 Cn.
606 2569 781 2636 Pompeium,
796 2570 883 2620 maio-

84 2653 123 2705 ris
133 2651 210 2703 tiliae
220 2651 317 2715 vuum,
329 2657 357 2702 et
366 2648 399 2700 12.
412 2647 544 2711 Silanum,
555 2644 671 2698 minoris
681 2657 821 2710 sponsum.
841 2643 884 2694 Ex

84 2727 187 2796 quibus
203 2724 351 2794 Pompeius
363 2725 393 2776 in
407 2722 556 2775 concubitu
571 2719 666 2774 dilecti
685 2717 884 2772 adolescentuli

879 2928 889 2959 Ι
900 2900 903 2903 ,
