2050 3034
268 259 454 310 Treueros.
492 259 704 310 cansa-48.
832 255 882 313 itt

83 385 257 440 obscenitate
268 388 325 438 oris
336 383 442 440 hirsuto
454 393 537 454 atque
549 386 625 438 olido
637 387 695 438 seni
707 367 883 454 clareexprd·

80 463 173 514 brata.
213 461 290 513 Unde
309 468 378 513 nota
396 463 427 514 in
446 462 600 514 Atellanico
622 460 723 512 exodio
748 462 883 528 proximis

78 537 156 589 ludis
172 551 287 588 assensu
301 537 422 590 maximo
438 543 564 605 excepta,
584 537 753 604 percrebuit:
780 535 883 588 bircam

76 613 196 664 vetulum
207 611 308 679 capreis
318 620 443 664 acueram
454 611 589 682 ligurrire.

136 685 238 738 XLVI.
259 685 396 740 Pecuniae
407 701 507 755 parcus
519 703 552 739 ac
562 693 658 753 tenax,
680 688 794 740 comites
805 703 882 756 pere·

76 762 272 830 grinationum
283 762 543 832 expeditionumque
553 779 693 831 nunquam
708 765 827 828 salario,
844 763 881 816 ci·

76 837 169 890 bariis
179 843 297 902 tantum,
308 837 486 901 sustentavit3
496 853 579 890 unam
589 839 673 890 modo
684 839 881 892 liberalitatem

77 928 113 964 ex
123 912 299 980 indulgentia
307 913 401 964 vitrici
410 919 586 980 prosecutus,
604 929 699 980 quum,
710 915 799 966 tribus
811 915 881 966 clas·

76 989 157 1038 sibus
166 985 260 1052 iactis,
270 1003 322 1055 pro
334 987 467 1055 dignitate
479 989 625 1054 cuiusque,
636 989 742 1054 primae
752 995 881 1040 sexcenta

76 1063 221 1127 sestertia,
238 1063 374 1114 secundae
386 1063 587 1130 quadringenta
597 1062 751 1127 distribuit,
763 1061 881 1115 ducenta

75 1139 187 1202 tertiae,
194 1152 338 1204 quamuon
345 1137 559 1203 amicorum,sed
565 1142 706 1204 gratorum
713 1137 880 1205 appellabat.

135 1211 250 1264 XLVll.
270 1211 402 1281 Princeps
416 1229 505 1282 neque
521 1212 675 1281 operaulla
685 1213 832 1280 magnilica
842 1211 881 1263 ie-

77 1289 117 1340 cit
128 1291 205 1351 (nam
216 1295 244 1339 ct
255 1303 325 1354 quac
340 1288 403 1340 sola
417 1295 587 1357 susceperat,
608 1289 726 1356 Augusti
740 1288 880 1355 templum,
907 1327 912 1339 .

76 1361 337 1430 restitutionemque
347 1362 511 1431 Pompeiani
519 1361 635 1429 theatri,
645 1362 807 1432 imperfecta
818 1369 882 1432 post

76 1443 123 1489 tot
135 1453 222 1489 annos
232 1437 372 1505 reliquit),
387 1454 475 1506 neque
487 1439 645 1507 spectacula
656 1439 767 1491 omnino
779 1437 880 1502 edidit3
899 1465 902 1468 ·

78 1519 108 1564 et
119 1514 170 1578 iis,
187 1529 256 1581 quae
268 1514 302 1563 ab
315 1513 409 1581 aliquo
421 1514 578 1580 ederentur,
594 1514 736 1565 rarissime
746 1514 880 1578 interfuit,

78 1605 116 1639 ne
133 1587 199 1656 quid
213 1595 421 1656 exposceretur,
440 1589 536 1657 utique
555 1597 702 1657 postquam
719 1588 881 1640 comocdmn

78 1663 190 1714 Actium
207 1669 321 1716 coactus
337 1669 378 1715 est
392 1665 592 1718 manumittere.
631 1663 788 1716 Paucorum
803 1677 881 1714 sena-

78 1745 173 1790 torum
192 1738 291 1807 inopia
313 1745 479 1804 sustentata,
500 1755 534 1791 ne
550 1739 676 1808 pluribus
693 1755 773 1807 opem
787 1738 880 1803 ferret,

78 1813 193 1882 negavit
203 1830 233 1865 se
244 1813 308 1865 aliis
318 1814 527 1878 subventurum,
547 1815 604 1865 nisi
618 1815 727 1866 senatui
735 1815 825 1865 iustas
835 1830 880 1864 ne-

80 1891 243 1940 cessitatum
254 1904 352 1940 causas
362 1890 536 1958 probassent.
567 1889 628 1949 Quo
640 1895 722 1958 pacto
733 1888 881 1954 plerosque

80 1964 220 2016 modestia
235 1969 263 2015 et
277 1963 382 2031 pudore
399 1963 544 2016 deterruit:
564 1963 593 2012 in
608 1962 708 2029 quibus
723 1962 880 2025 Hortalum,

81 2039 115 2102 Q.
127 2037 276 2095 Hortensii
286 2040 406 2091 oratoris
417 2044 552 2107 nepotem,
564 2038 620 2105 qui,
632 2035 792 2105 permodica
801 2051 830 2086 rc
841 2035 881 2086 fa·

80 2114 194 2178 miliari,
207 2119 320 2165 auctore
329 2115 454 2182 Augusto
466 2120 586 2182 quatuor
595 2113 699 2165 liberos
709 2112 819 2163 tulerat.

137 2187 264 2240 XLVlll.
284 2188 398 2240 Publice
413 2189 628 2242 munificentiam
648 2187 692 2239 bis
709 2187 819 2239 omnino
837 2202 882 2240 ex·

81 2261 185 2316 hibuit:
205 2265 352 2334 proposito
368 2265 468 2316 millies
484 2265 610 2317 sestertio
626 2265 749 2332 gratuito
759 2263 788 2316 in
798 2263 882 2315 trien-

81 2341 123 2390 nii
133 2345 255 2408 tempus3
271 2346 299 2392 et
308 2355 404 2392 rursus
414 2339 579 2406 quibusdam
590 2340 709 2392 dominis
719 2339 882 2400 insularum,

82 2415 194 2483 quaein
204 2421 297 2468 monte
302 2415 398 2467 Coelio
411 2413 731 2483 deflagraverant,prctio
743 2414 882 2464 restituto.

84 2491 208 2551 Quorum
224 2490 341 2542 alterum
354 2503 456 2558 magna
470 2489 631 2542 difficultate
644 2488 812 2551 nummaria,
833 2501 883 2553 po·

81 2565 148 2632 pulo
161 2566 295 2617 auxilium
310 2565 467 2633 flagitante,
489 2571 601 2616 coactns
615 2571 657 2615 est
672 2563 777 2624 iacere,
798 2575 882 2629 quum

82 2656 131 2708 per
141 2647 255 2694 senatus
266 2640 421 2696 consultum
432 2639 580 2701 sanxisset,
592 2644 623 2688 ut
633 2637 801 2688 feneratores
813 2634 882 2685 duas

82 2717 247 2784 patrimonii
256 2722 349 2783 partes
359 2716 388 2765 in
398 2713 460 2765 solo
471 2713 653 2775 collocarent,
669 2709 807 2761 debitores
817 2707 883 2760 toti·

85 2791 147 2842 dem
157 2793 230 2845 aeris
241 2791 327 2844 alieni
335 2789 429 2842 statim
444 2787 595 2852 solverent,
615 2801 666 2839 nec
680 2802 725 2838 res
740 2785 881 2854 expedire·
