2050 3034
217 231 477 278 ocTAleNUs.
513 231 744 278 cauea-1⁰1.
831 235 881 284 iii

78 353 125 404 illo
139 349 286 403 defunctus
296 359 381 416 esset3
402 353 487 417 allus,
503 357 536 403 ut
550 367 630 405 onme
644 359 751 421 tempus
763 371 779 405 a
790 357 881 423 primo

77 429 121 480 die
136 427 229 478 natali
241 441 331 496 usque
345 428 381 479 ad
395 428 500 479 exitum
516 428 576 478 eius
586 429 718 480 saecubcm
729 429 880 498 Augustum

76 501 274 571 appellaretur,
286 509 314 554 ct
322 503 364 554 ita
373 501 403 552 in
412 501 502 554 fastos
512 501 669 554 referretur.
709 502 820 569 Verum,
833 507 880 556 ad-

74 577 166 628 hibito
179 575 331 628 bonoribus
341 578 439 641 modo,
460 576 590 628 bifariam
606 576 736 630 laudatus
753 586 807 643 est,
828 596 879 647 pro

74 651 146 703 aede
162 649 198 701 D.
214 651 279 702 lulii
294 667 311 702 a
326 651 456 715 Tiberio,
477 657 505 704 et
524 668 574 720 pro
590 653 689 704 rostris
705 655 845 706 veteribus
862 671 879 705 a

73 723 185 790 Druso,
203 725 310 778 Tiberii
324 727 397 790 filio3
419 742 452 777 ac
466 733 624 778 senatorum
637 725 758 780 humeris
770 729 878 781 delatus

71 804 102 852 in
115 801 260 868 Campum,
272 807 472 870 crematusque.
492 801 550 854 Nec
561 801 649 856 defuit
657 805 701 854 vir
710 805 877 871 praetorius,

73 877 124 944 qui
139 891 170 926 se
184 876 303 942 effigiem
318 877 432 928 cremati
448 882 555 928 euntem
565 877 594 927 in
605 878 711 929 coelum
723 880 825 932 vidisse
834 882 877 932 iu·

71 955 161 1002 rarat.
199 949 343 1020 Reliquias
357 951 483 1019 legerunt
495 952 630 1018 primores
645 953 781 1018 equestris
802 955 876 1006 ordi·
971 1009 976 1022 x

72 1026 131 1088 nis,
152 1026 272 1076 tunicati
281 1031 309 1076 et
319 1025 448 1077 discincti
458 1026 628 1092 pedibusque
638 1026 733 1089 nudis,
755 1042 788 1078 ac
797 1029 876 1078 Mau-

72 1099 154 1152 soleo
171 1099 362 1150 condiderunt.
400 1100 432 1150 ld
448 1115 518 1166 opus
531 1100 604 1150 iuter
616 1099 783 1151 Flaminiam
802 1103 876 1152 mam

71 1174 220 1242 ripamque
236 1174 346 1226 Tiberis
366 1180 443 1226 sexto
465 1189 516 1225 suo
533 1173 680 1225 consulatu
694 1181 877 1239 exstruxerat,

73 1249 323 1316 circumiectasque
338 1249 423 1300 silvas
439 1256 466 1300 et
480 1245 682 1301 ambulationes
696 1250 726 1300 in
736 1265 816 1302 usum
828 1265 876 1319 po·

71 1323 135 1391 puli
144 1323 278 1374 nunciam
288 1323 453 1391 publicarat.
623 1368 625 1372 ,

132 1397 176 1448 cl.
188 1397 403 1462 'lestamentum
414 1397 448 1448 L.
459 1397 572 1462 Planco,
585 1399 615 1448 C.
623 1398 692 1450 Silio
705 1399 874 1464 consulibus,

71 1473 159 1523 tertio
170 1471 265 1524 Nonas
275 1472 391 1539 Aprilis,
412 1478 475 1523 ante
490 1487 591 1524 annum
602 1478 629 1524 et
639 1479 758 1541 quatuor
767 1491 874 1526 menses

72 1560 162 1613 quam
174 1544 326 1611 decederet,
336 1546 440 1597 factum
452 1548 544 1612 abeo,
557 1563 590 1598 ac
601 1547 709 1598 duobus
721 1548 874 1611 codicibus,

70 1619 178 1688 partim
188 1620 288 1686 ipsius,
304 1622 405 1688 partim
416 1621 578 1673 libertorum
589 1621 703 1688 Polybii
712 1627 740 1672 et
750 1621 874 1672 Hilario·

70 1695 117 1745 nis
128 1696 367 1763 manuscriptum,
389 1696 598 1763 depositumque
610 1696 682 1762 apud
694 1712 736 1760 se,
752 1698 874 1764 virgines

71 1767 202 1821 Vestales
229 1784 289 1820 cum
317 1770 405 1821 tribus
434 1771 550 1837 signatis
576 1785 662 1837 aeque
687 1770 875 1822 voluminibus

70 1843 257 1910 protulerunt.
298 1843 375 1905 Quae
395 1845 490 1895 omnia
508 1845 539 1893 in
557 1851 656 1895 senatu
675 1851 771 1911 aperta
791 1851 874 1911 atque

70 1919 192 1970 recitata
207 1925 280 1969 sunt.
319 1917 442 1970 Heredes
456 1918 578 1970 instituit
591 1918 710 1984 primos,
731 1917 873 1968 Tiberium

72 1997 199 2060 exparte
210 1991 327 2044 dimidia
337 1999 364 2045 et
374 1997 511 2055 sextante,
527 1989 638 2042 Liviam
649 2005 682 2041 ex
692 1996 771 2057 parte
781 1991 875 2053 tertia,

74 2082 147 2136 quos
158 2073 186 2118 et
194 2066 268 2119 ferre
278 2083 377 2120 nomen
388 2083 467 2120 suum
482 2067 576 2128 iussit3
597 2064 732 2116 secundos
743 2063 874 2127 Drinum,

73 2142 183 2192 Tiberii
192 2142 289 2205 filium,
301 2157 336 2193 ex
344 2143 452 2206 triente,
464 2148 491 2193 et
501 2141 671 2208 expertibus
681 2139 795 2207 reliquis
807 2139 874 2190 Ger-

71 2216 213 2268 manicum
233 2216 391 2284 liberosque
411 2218 470 2268 eius
489 2222 546 2268 tres
566 2231 647 2268 sexus
661 2215 764 2278 virilis3
789 2217 873 2267 tertio

71 2289 162 2358 gradu
180 2291 355 2359 propinquos
374 2290 534 2359 amicosque
554 2291 716 2359 complures.
755 2289 875 2356 Legavit

69 2363 177 2433 populo
183 2365 310 2417 Romano
322 2365 554 2435 quadringenties,
559 2365 686 2417 tribubus
694 2365 788 2416 tricies
795 2363 874 2429 quin·

72 2441 151 2506 quies
162 2440 333 2493 sestertium:
352 2439 538 2508 praetorianis
548 2440 683 2490 militibus
693 2437 803 2504 singula
812 2434 874 2485 mil-

70 2513 110 2566 lia
118 2529 306 2578 nummorum,
318 2513 479 2566 cohortibus
488 2515 602 2565 urbanis
614 2514 776 2580 quingenos,
786 2508 874 2574 legio·

70 2589 159 2640 uariis
169 2595 298 2642 trecenos
308 2604 448 2642 nummos:
469 2602 551 2654 quam
567 2601 700 2638 summam
715 2595 874 2648 repraesen-

69 2662 126 2715 ta'ri
135 2665 234 2727 iussit3
249 2678 314 2716 uam
325 2670 352 2716 et
363 2661 542 2716 confiscatam
552 2672 658 2726 semper
668 2657 881 2722 repositamque·

71 2737 217 2791 habuerat.
256 2737 375 2807 Reliqua
388 2738 481 2804 legata
490 2733 568 2785 varie
583 2731 671 2793 dedit,
687 2729 876 2797 produxitque
