<?xml version="1.0" encoding="UTF-8"?>
<!DOCTYPE html PUBLIC "-//W3C//DTD XHTML 1.0 Transitional//EN"
    "http://www.w3.org/TR/xhtml1/DTD/xhtml1-transitional.dtd">
<html xmlns="http://www.w3.org/1999/xhtml" xml:lang="en" lang="en">
 <head>
  <title>
</title>
<meta http-equiv="Content-Type" content="text/html;charset=utf-8" />
  <meta name='ocr-system' content='tesseract 3.04.00' />
  <meta name='ocr-capabilities' content='ocr_page ocr_carea ocr_par ocr_line ocrx_word'/>
</head>
<body>
  <div class='ocr_page' id='page_1' title='image "./csuetoniitranqu05suetgoog_0313.png"; bbox 0 0 2036 3022; ppageno 0'>
   <div class='ocr_carea' id='block_1_1' title="bbox 219 196 865 276">
    <p class='ocr_par' dir='ltr' id='par_1_1' title="bbox 219 196 865 276">
     <span class='ocr_line' id='line_1_1' title="bbox 219 196 865 276; baseline 0.012 -8"><span class='ocrx_word' id='word_1_1' title='bbox 219 219 498 270; x_wconf 76' lang='lat' dir='ltr'><strong>VESPASIANUS.</strong></span> <span class='ocrx_word' id='word_1_2' title='bbox 534 196 612 271; x_wconf 80' lang='lat' dir='ltr'><strong>cae.</strong></span> <span class='ocrx_word' id='word_1_3' title='bbox 632 225 713 272; x_wconf 83' lang='lat' dir='ltr'><strong>1-a.</strong></span> <span class='ocrx_word' id='word_1_4' title='bbox 817 224 865 276; x_wconf 77' lang='lat' dir='ltr'><strong>eol</strong></span> 
     </span>
    </p>
   </div>
   <div class='ocr_carea' id='block_1_2' title="bbox 10 345 873 2823">
    <p class='ocr_par' dir='ltr' id='par_1_2' title="bbox 61 345 865 1090">
     <span class='ocr_line' id='line_1_2' title="bbox 64 345 865 416; baseline 0.002 -17"><span class='ocrx_word' id='word_1_5' title='bbox 64 347 110 400; x_wconf 87' lang='lat' dir='ltr'><strong>cla</strong></span> <span class='ocrx_word' id='word_1_6' title='bbox 121 345 230 398; x_wconf 86' lang='lat' dir='ltr'><strong>meruit.</strong></span> <span class='ocrx_word' id='word_1_7' title='bbox 258 347 395 408; x_wconf 74' lang='lat' dir='ltr'><strong>Quaestor</strong></span> <span class='ocrx_word' id='word_1_8' title='bbox 406 347 514 399; x_wconf 89' lang='lat' dir='ltr'><strong>Cretam</strong></span> <span class='ocrx_word' id='word_1_9' title='bbox 525 353 552 400; x_wconf 89' lang='lat' dir='ltr'><strong>et</strong></span> <span class='ocrx_word' id='word_1_10' title='bbox 563 348 684 416; x_wconf 88' lang='lat' dir='ltr'><strong>Cyrenas</strong></span> <span class='ocrx_word' id='word_1_11' title='bbox 694 348 865 416; x_wconf 85' lang='lat' dir='ltr'><strong>provinciam</strong></span> 
     </span>
     <span class='ocr_line' id='line_1_3' title="bbox 63 403 865 491; baseline 0.002 -17"><span class='ocrx_word' id='word_1_12' title='bbox 63 428 142 475; x_wconf 82' lang='lat' dir='ltr'>sorte</span> <span class='ocrx_word' id='word_1_13' title='bbox 158 423 239 490; x_wconf 88' lang='lat' dir='ltr'><strong>cepit.</strong></span> <span class='ocrx_word' id='word_1_14' title='bbox 278 419 435 474; x_wconf 69' lang='lat' dir='ltr'><strong>aedilitatis</strong></span> <span class='ocrx_word' id='word_1_15' title='bbox 451 439 484 474; x_wconf 89' lang='lat' dir='ltr'><strong>ao</strong></span> <span class='ocrx_word' id='word_1_16' title='bbox 500 439 564 476; x_wconf 87' lang='lat' dir='ltr'><strong>mox</strong></span> <span class='ocrx_word' id='word_1_17' title='bbox 578 429 724 491; x_wconf 86' lang='lat' dir='ltr'><strong>praeturae</strong></span> <span class='ocrx_word' id='word_1_18' title='bbox 736 403 865 476; x_wconf 73' lang='lat' dir='ltr'><strong>candida·</strong></span> 
     </span>
     <span class='ocr_line' id='line_1_4' title="bbox 61 497 865 568; baseline 0 -18"><span class='ocrx_word' id='word_1_19' title='bbox 61 505 120 563; x_wconf 84' lang='lat' dir='ltr'><strong>tus,</strong></span> <span class='ocrx_word' id='word_1_20' title='bbox 130 497 208 548; x_wconf 88' lang='lat' dir='ltr'><strong>illam</strong></span> <span class='ocrx_word' id='word_1_21' title='bbox 219 513 275 549; x_wconf 88' lang='lat' dir='ltr'><strong>non</strong></span> <span class='ocrx_word' id='word_1_22' title='bbox 286 498 344 548; x_wconf 91' lang='lat' dir='ltr'><strong>sine</strong></span> <span class='ocrx_word' id='word_1_23' title='bbox 354 499 465 565; x_wconf 88' lang='lat' dir='ltr'><strong>repulsa</strong></span> <span class='ocrx_word' id='word_1_24' title='bbox 475 505 607 568; x_wconf 85' lang='lat' dir='ltr'><strong>sextoque</strong></span> <span class='ocrx_word' id='word_1_25' title='bbox 618 499 681 551; x_wconf 94' lang='lat' dir='ltr'><strong>loco</strong></span> <span class='ocrx_word' id='word_1_26' title='bbox 691 500 738 550; x_wconf 86' lang='lat' dir='ltr'><strong>vix</strong></span> <span class='ocrx_word' id='word_1_27' title='bbox 750 500 865 567; x_wconf 87' lang='lat' dir='ltr'><strong>adeptus</strong></span> 
     </span>
     <span class='ocr_line' id='line_1_5' title="bbox 64 565 863 642; baseline 0.001 -17"><span class='ocrx_word' id='word_1_28' title='bbox 64 579 126 636; x_wconf 84' lang='lat' dir='ltr'><strong>est3</strong></span> <span class='ocrx_word' id='word_1_29' title='bbox 156 570 228 623; x_wconf 85' lang='lat' dir='ltr'><strong>hano</strong></span> <span class='ocrx_word' id='word_1_30' title='bbox 250 572 340 640; x_wconf 91' lang='lat' dir='ltr'><strong>prima</strong></span> <span class='ocrx_word' id='word_1_31' title='bbox 364 565 457 624; x_wconf 85' lang='lat' dir='ltr'><strong>statim</strong></span> <span class='ocrx_word' id='word_1_32' title='bbox 482 575 633 641; x_wconf 85' lang='lat' dir='ltr'><strong>petitione,</strong></span> <span class='ocrx_word' id='word_1_33' title='bbox 659 580 687 626; x_wconf 89' lang='lat' dir='ltr'><strong>et</strong></span> <span class='ocrx_word' id='word_1_34' title='bbox 708 575 738 626; x_wconf 89' lang='lat' dir='ltr'><strong>in</strong></span> <span class='ocrx_word' id='word_1_35' title='bbox 757 575 863 642; x_wconf 89' lang='lat' dir='ltr'><strong>primis.</strong></span> 
     </span>
     <span class='ocr_line' id='line_1_6' title="bbox 64 645 864 718; baseline 0.003 -20"><span class='ocrx_word' id='word_1_36' title='bbox 64 647 196 712; x_wconf 84' lang='lat' dir='ltr'><strong>Praetor,</strong></span> <span class='ocrx_word' id='word_1_37' title='bbox 210 645 334 698; x_wconf 83' lang='lat' dir='ltr'><strong>infensus</strong></span> <span class='ocrx_word' id='word_1_38' title='bbox 348 649 469 712; x_wconf 86' lang='lat' dir='ltr'><strong>senatui,</strong></span> <span class='ocrx_word' id='word_1_39' title='bbox 482 649 578 701; x_wconf 88' lang='lat' dir='ltr'><strong>Caium</strong></span> <span class='ocrx_word' id='word_1_40' title='bbox 589 666 622 701; x_wconf 90' lang='lat' dir='ltr'><strong>ne</strong></span> <span class='ocrx_word' id='word_1_41' title='bbox 634 665 688 718; x_wconf 91' lang='lat' dir='ltr'><strong>quo</strong></span> <span class='ocrx_word' id='word_1_42' title='bbox 699 665 755 701; x_wconf 92' lang='lat' dir='ltr'><strong>non</strong></span> <span class='ocrx_word' id='word_1_43' title='bbox 765 665 864 718; x_wconf 83' lang='lat' dir='ltr'><strong>genere</strong></span> 
     </span>
     <span class='ocr_line' id='line_1_7' title="bbox 65 722 863 795; baseline 0.004 -22"><span class='ocrx_word' id='word_1_44' title='bbox 65 724 264 786; x_wconf 81' lang='lat' dir='ltr'><strong>demereretur,</strong></span> <span class='ocrx_word' id='word_1_45' title='bbox 276 722 357 774; x_wconf 88' lang='lat' dir='ltr'><strong>ludos</strong></span> <span class='ocrx_word' id='word_1_46' title='bbox 368 724 604 795; x_wconf 74' lang='lat' dir='ltr'><strong>extraordinarios</strong></span> <span class='ocrx_word' id='word_1_47' title='bbox 614 741 664 791; x_wconf 91' lang='lat' dir='ltr'><strong>pro</strong></span> <span class='ocrx_word' id='word_1_48' title='bbox 675 726 794 777; x_wconf 84' lang='lat' dir='ltr'><strong>victoria</strong></span> <span class='ocrx_word' id='word_1_49' title='bbox 805 726 863 776; x_wconf 87' lang='lat' dir='ltr'><strong>eius</strong></span> 
     </span>
     <span class='ocr_line' id='line_1_8' title="bbox 66 797 862 868; baseline 0.004 -20"><span class='ocrx_word' id='word_1_50' title='bbox 66 797 234 850; x_wconf 83' lang='lat' dir='ltr'><strong>Germanica</strong></span> <span class='ocrx_word' id='word_1_51' title='bbox 244 797 415 866; x_wconf 81' lang='lat' dir='ltr'><strong>depoposcit,</strong></span> <span class='ocrx_word' id='word_1_52' title='bbox 427 813 586 868; x_wconf 80' lang='lat' dir='ltr'><strong>poenaeque</strong></span> <span class='ocrx_word' id='word_1_53' title='bbox 597 802 805 852; x_wconf 88' lang='lat' dir='ltr'><strong>coniuratorum</strong></span> <span class='ocrx_word' id='word_1_54' title='bbox 815 801 862 851; x_wconf 87' lang='lat' dir='ltr'><strong>ad-</strong></span> 
     </span>
     <span class='ocr_line' id='line_1_9' title="bbox 66 872 864 943; baseline 0.004 -20"><span class='ocrx_word' id='word_1_55' title='bbox 66 872 186 924; x_wconf 90' lang='lat' dir='ltr'><strong>dendum</strong></span> <span class='ocrx_word' id='word_1_56' title='bbox 197 873 314 937; x_wconf 88' lang='lat' dir='ltr'><strong>censuit,</strong></span> <span class='ocrx_word' id='word_1_57' title='bbox 329 879 360 924; x_wconf 91' lang='lat' dir='ltr'><strong>ut</strong></span> <span class='ocrx_word' id='word_1_58' title='bbox 373 873 505 941; x_wconf 83' lang='lat' dir='ltr'><strong>insepulti</strong></span> <span class='ocrx_word' id='word_1_59' title='bbox 515 875 722 942; x_wconf 83' lang='lat' dir='ltr'><strong>proficerentur.</strong></span> <span class='ocrx_word' id='word_1_60' title='bbox 761 875 827 943; x_wconf 78' lang='lat' dir='ltr'><strong>Egit</strong></span> <span class='ocrx_word' id='word_1_61' title='bbox 837 881 864 926; x_wconf 89' lang='lat' dir='ltr'><strong>et</strong></span> 
     </span>
     <span class='ocr_line' id='line_1_10' title="bbox 64 947 862 1016; baseline 0.005 -18"><span class='ocrx_word' id='word_1_62' title='bbox 64 949 173 1016; x_wconf 84' lang='lat' dir='ltr'><strong>gratias</strong></span> <span class='ocrx_word' id='word_1_63' title='bbox 188 948 214 998; x_wconf 93' lang='lat' dir='ltr'><strong>ei</strong></span> <span class='ocrx_word' id='word_1_64' title='bbox 228 948 302 1015; x_wconf 88' lang='lat' dir='ltr'><strong>apud</strong></span> <span class='ocrx_word' id='word_1_65' title='bbox 317 947 515 1016; x_wconf 89' lang='lat' dir='ltr'><strong>amplissimum</strong></span> <span class='ocrx_word' id='word_1_66' title='bbox 531 949 667 1015; x_wconf 87' lang='lat' dir='ltr'><strong>ordinem,</strong></span> <span class='ocrx_word' id='word_1_67' title='bbox 685 950 759 1016; x_wconf 93' lang='lat' dir='ltr'><strong>quod</strong></span> <span class='ocrx_word' id='word_1_68' title='bbox 774 967 802 1002; x_wconf 90' lang='lat' dir='ltr'><strong>se</strong></span> <span class='ocrx_word' id='word_1_69' title='bbox 813 950 862 1002; x_wconf 92' lang='lat' dir='ltr'><strong>ho-</strong></span> 
     </span>
     <span class='ocr_line' id='line_1_11' title="bbox 64 1022 505 1090; baseline 0 -16"><span class='ocrx_word' id='word_1_70' title='bbox 64 1038 133 1074; x_wconf 90' lang='lat' dir='ltr'><strong>nore</strong></span> <span class='ocrx_word' id='word_1_71' title='bbox 144 1037 246 1074; x_wconf 88' lang='lat' dir='ltr'><strong>coenae</strong></span> <span class='ocrx_word' id='word_1_72' title='bbox 258 1022 385 1090; x_wconf 84' lang='lat' dir='ltr'><strong>dignatus</strong></span> <span class='ocrx_word' id='word_1_73' title='bbox 397 1029 476 1075; x_wconf 88' lang='lat' dir='ltr'><strong>esset.</strong></span> <span class='ocrx_word' id='word_1_74' title='bbox 499 1051 505 1060; x_wconf 89' lang='lat'><strong>·</strong></span> 
     </span>
    </p>

    <p class='ocr_par' dir='ltr' id='par_1_3' title="bbox 11 1097 862 2052">
     <span class='ocr_line' id='line_1_12' title="bbox 121 1097 862 1152; baseline 0.005 -4"><span class='ocrx_word' id='word_1_75' title='bbox 121 1097 169 1148; x_wconf 90' lang='lat' dir='ltr'><strong>lll.</strong></span> <span class='ocrx_word' id='word_1_76' title='bbox 190 1097 264 1150; x_wconf 85' lang='lat' dir='ltr'><strong>lnter</strong></span> <span class='ocrx_word' id='word_1_77' title='bbox 283 1097 351 1150; x_wconf 88' lang='lat' dir='ltr'><strong>baec</strong></span> <span class='ocrx_word' id='word_1_78' title='bbox 363 1099 489 1150; x_wconf 84' lang='lat' dir='ltr'><strong>Flauiam</strong></span> <span class='ocrx_word' id='word_1_79' title='bbox 503 1098 676 1150; x_wconf 89' lang='lat' dir='ltr'><strong>Domitillam</strong></span> <span class='ocrx_word' id='word_1_80' title='bbox 698 1099 776 1150; x_wconf 77' lang='lat' dir='ltr'><strong>drmit</strong></span> <span class='ocrx_word' id='word_1_81' title='bbox 794 1115 862 1152; x_wconf 76' lang='lat' dir='ltr'><strong>aruo·</strong></span> 
     </span>
     <span class='ocr_line' id='line_1_13' title="bbox 62 1171 862 1246; baseline 0.003 -22"><span class='ocrx_word' id='word_1_82' title='bbox 62 1189 135 1238; x_wconf 89' lang='lat' dir='ltr'><strong>rem,</strong></span> <span class='ocrx_word' id='word_1_83' title='bbox 147 1171 253 1224; x_wconf 88' lang='lat' dir='ltr'><strong>Statilii</strong></span> <span class='ocrx_word' id='word_1_84' title='bbox 264 1173 393 1242; x_wconf 83' lang='lat' dir='ltr'><strong>Capellae</strong></span> <span class='ocrx_word' id='word_1_85' title='bbox 404 1175 503 1244; x_wconf 89' lang='lat' dir='ltr'><strong>equitis</strong></span> <span class='ocrx_word' id='word_1_86' title='bbox 514 1173 633 1226; x_wconf 90' lang='lat' dir='ltr'><strong>Romani</strong></span> <span class='ocrx_word' id='word_1_87' title='bbox 643 1173 817 1226; x_wconf 78' lang='lat' dir='ltr'><strong>Sabratensis</strong></span> <span class='ocrx_word' id='word_1_88' title='bbox 828 1191 862 1246; x_wconf 81' lang='lat' dir='ltr'><strong>ex</strong></span> 
     </span>
     <span class='ocr_line' id='line_1_14' title="bbox 11 1247 862 1318; baseline 0.002 -20"><span class='ocrx_word' id='word_1_89' title='bbox 11 1275 18 1314; x_wconf 68' lang='lat' dir='ltr'><em>j</em></span> <span class='ocrx_word' id='word_1_90' title='bbox 61 1248 159 1300; x_wconf 79' lang='lat' dir='ltr'><strong>Africo</strong></span> <span class='ocrx_word' id='word_1_91' title='bbox 174 1247 326 1316; x_wconf 85' lang='lat' dir='ltr'><strong>delegatam</strong></span> <span class='ocrx_word' id='word_1_92' title='bbox 344 1249 422 1314; x_wconf 90' lang='lat' dir='ltr'><strong>olim,</strong></span> <span class='ocrx_word' id='word_1_93' title='bbox 438 1249 609 1318; x_wconf 85' lang='lat' dir='ltr'><strong>Latinaeque</strong></span> <span class='ocrx_word' id='word_1_94' title='bbox 620 1250 801 1314; x_wconf 85' lang='lat' dir='ltr'><strong>conditionis,</strong></span> <span class='ocrx_word' id='word_1_95' title='bbox 814 1251 862 1302; x_wconf 91' lang='lat' dir='ltr'><strong>sed</strong></span> 
     </span>
     <span class='ocr_line' id='line_1_15' title="bbox 62 1323 861 1394; baseline 0.003 -20"><span class='ocrx_word' id='word_1_96' title='bbox 62 1338 130 1376; x_wconf 82' lang='lat' dir='ltr'><strong>mox</strong></span> <span class='ocrx_word' id='word_1_97' title='bbox 143 1323 290 1392; x_wconf 83' lang='lat' dir='ltr'><strong>iugenuam</strong></span> <span class='ocrx_word' id='word_1_98' title='bbox 305 1329 333 1375; x_wconf 87' lang='lat' dir='ltr'><strong>et</strong></span> <span class='ocrx_word' id='word_1_99' title='bbox 343 1325 429 1376; x_wconf 84' lang='lat' dir='ltr'><strong>civem</strong></span> <span class='ocrx_word' id='word_1_100' title='bbox 439 1325 592 1377; x_wconf 89' lang='lat' dir='ltr'><strong>Romanam</strong></span> <span class='ocrx_word' id='word_1_101' title='bbox 602 1326 809 1394; x_wconf 83' lang='lat' dir='ltr'><strong>recuperatorio</strong></span> <span class='ocrx_word' id='word_1_102' title='bbox 820 1325 861 1376; x_wconf 91' lang='lat' dir='ltr'><strong>iu·</strong></span> 
     </span>
     <span class='ocr_line' id='line_1_16' title="bbox 64 1399 862 1468; baseline 0.003 -18"><span class='ocrx_word' id='word_1_103' title='bbox 64 1399 139 1450; x_wconf 86' lang='lat' dir='ltr'><strong>dicio</strong></span> <span class='ocrx_word' id='word_1_104' title='bbox 151 1399 455 1468; x_wconf 77' lang='lat' dir='ltr'><strong>pronumtiatum,patre</strong></span> <span class='ocrx_word' id='word_1_105' title='bbox 466 1407 603 1453; x_wconf 86' lang='lat' dir='ltr'><strong>asserente</strong></span> <span class='ocrx_word' id='word_1_106' title='bbox 613 1400 711 1453; x_wconf 84' lang='lat' dir='ltr'><strong>Flavio</strong></span> <span class='ocrx_word' id='word_1_107' title='bbox 723 1400 862 1465; x_wconf 87' lang='lat' dir='ltr'><strong>Liberale,</strong></span> 
     </span>
     <span class='ocr_line' id='line_1_17' title="bbox 63 1473 862 1544; baseline 0.003 -18"><span class='ocrx_word' id='word_1_108' title='bbox 63 1473 206 1527; x_wconf 87' lang='lat' dir='ltr'><strong>Ferentini</strong></span> <span class='ocrx_word' id='word_1_109' title='bbox 215 1474 322 1542; x_wconf 85' lang='lat' dir='ltr'><strong>genito,</strong></span> <span class='ocrx_word' id='word_1_110' title='bbox 336 1477 543 1543; x_wconf 88' lang='lat' dir='ltr'><strong>necquicquam</strong></span> <span class='ocrx_word' id='word_1_111' title='bbox 559 1476 676 1544; x_wconf 88' lang='lat' dir='ltr'><strong>amplius</strong></span> <span class='ocrx_word' id='word_1_112' title='bbox 687 1493 768 1543; x_wconf 92' lang='lat' dir='ltr'><strong>quam</strong></span> <span class='ocrx_word' id='word_1_113' title='bbox 780 1491 862 1543; x_wconf 90' lang='lat' dir='ltr'><strong>quae-</strong></span> 
     </span>
     <span class='ocr_line' id='line_1_18' title="bbox 65 1547 861 1604; baseline -0.001 -3"><span class='ocrx_word' id='word_1_114' title='bbox 65 1549 154 1601; x_wconf 86' lang='lat' dir='ltr'><strong>storio</strong></span> <span class='ocrx_word' id='word_1_115' title='bbox 170 1549 270 1600; x_wconf 88' lang='lat' dir='ltr'><strong>scriba.</strong></span> <span class='ocrx_word' id='word_1_116' title='bbox 308 1547 352 1600; x_wconf 86' lang='lat' dir='ltr'><strong>Ex</strong></span> <span class='ocrx_word' id='word_1_117' title='bbox 366 1549 418 1602; x_wconf 90' lang='lat' dir='ltr'><strong>bae</strong></span> <span class='ocrx_word' id='word_1_118' title='bbox 432 1550 535 1604; x_wconf 87' lang='lat' dir='ltr'><strong>liberos</strong></span> <span class='ocrx_word' id='word_1_119' title='bbox 548 1551 613 1602; x_wconf 90' lang='lat' dir='ltr'><strong>tulit</strong></span> <span class='ocrx_word' id='word_1_120' title='bbox 623 1553 716 1603; x_wconf 86' lang='lat' dir='ltr'><strong>Titum</strong></span> <span class='ocrx_word' id='word_1_121' title='bbox 728 1559 755 1603; x_wconf 90' lang='lat' dir='ltr'><strong>et</strong></span> <span class='ocrx_word' id='word_1_122' title='bbox 765 1551 861 1603; x_wconf 88' lang='lat' dir='ltr'><strong>Domi-</strong></span> 
     </span>
     <span class='ocr_line' id='line_1_19' title="bbox 63 1622 862 1695; baseline 0.003 -19"><span class='ocrx_word' id='word_1_123' title='bbox 63 1627 171 1676; x_wconf 85' lang='lat' dir='ltr'><strong>tianum</strong></span> <span class='ocrx_word' id='word_1_124' title='bbox 191 1630 219 1676; x_wconf 89' lang='lat' dir='ltr'><strong>et</strong></span> <span class='ocrx_word' id='word_1_125' title='bbox 238 1622 421 1676; x_wconf 90' lang='lat' dir='ltr'><strong>Domitillam.</strong></span> <span class='ocrx_word' id='word_1_126' title='bbox 469 1627 557 1679; x_wconf 84' lang='lat' dir='ltr'><strong>Uxori</strong></span> <span class='ocrx_word' id='word_1_127' title='bbox 577 1642 609 1678; x_wconf 92' lang='lat' dir='ltr'><strong>ac</strong></span> <span class='ocrx_word' id='word_1_128' title='bbox 630 1627 703 1678; x_wconf 86' lang='lat' dir='ltr'><strong>filiae</strong></span> <span class='ocrx_word' id='word_1_129' title='bbox 724 1633 862 1695; x_wconf 90' lang='lat' dir='ltr'><strong>superstes</strong></span> 
     </span>
     <span class='ocr_line' id='line_1_20' title="bbox 64 1699 862 1770; baseline 0.004 -21"><span class='ocrx_word' id='word_1_130' title='bbox 64 1699 127 1764; x_wconf 85' lang='lat' dir='ltr'><strong>fuit,</strong></span> <span class='ocrx_word' id='word_1_131' title='bbox 149 1705 232 1769; x_wconf 89' lang='lat' dir='ltr'><strong>atque</strong></span> <span class='ocrx_word' id='word_1_132' title='bbox 250 1706 395 1768; x_wconf 72' lang='lat' dir='ltr'><strong>eurumque</strong></span> <span class='ocrx_word' id='word_1_133' title='bbox 409 1700 499 1752; x_wconf 90' lang='lat' dir='ltr'><strong>adbuc</strong></span> <span class='ocrx_word' id='word_1_134' title='bbox 513 1703 637 1770; x_wconf 87' lang='lat' dir='ltr'><strong>privatus</strong></span> <span class='ocrx_word' id='word_1_135' title='bbox 653 1703 754 1754; x_wconf 91' lang='lat' dir='ltr'><strong>amisit.</strong></span> <span class='ocrx_word' id='word_1_136' title='bbox 793 1701 862 1753; x_wconf 93' lang='lat' dir='ltr'><strong>Post</strong></span> 
     </span>
     <span class='ocr_line' id='line_1_21' title="bbox 64 1775 861 1840; baseline 0.003 -14"><span class='ocrx_word' id='word_1_137' title='bbox 64 1775 162 1826; x_wconf 85' lang='lat' dir='ltr'><strong>uxoris</strong></span> <span class='ocrx_word' id='word_1_138' title='bbox 177 1789 330 1840; x_wconf 80' lang='lat' dir='ltr'><strong>excessum,</strong></span> <span class='ocrx_word' id='word_1_139' title='bbox 353 1775 511 1840; x_wconf 89' lang='lat' dir='ltr'><strong>Caenidem,</strong></span> <span class='ocrx_word' id='word_1_140' title='bbox 533 1777 646 1827; x_wconf 81' lang='lat' dir='ltr'><strong>Antonii</strong></span> <span class='ocrx_word' id='word_1_141' title='bbox 660 1778 786 1828; x_wconf 88' lang='lat' dir='ltr'><strong>libertam</strong></span> <span class='ocrx_word' id='word_1_142' title='bbox 801 1782 829 1828; x_wconf 91' lang='lat' dir='ltr'><strong>et</strong></span> <span class='ocrx_word' id='word_1_143' title='bbox 845 1793 861 1828; x_wconf 83' lang='lat' dir='ltr'><strong>a</strong></span> 
     </span>
     <span class='ocr_line' id='line_1_22' title="bbox 65 1847 860 1917; baseline 0.001 -17"><span class='ocrx_word' id='word_1_144' title='bbox 65 1865 161 1914; x_wconf 87' lang='lat' dir='ltr'><strong>manu,</strong></span> <span class='ocrx_word' id='word_1_145' title='bbox 178 1847 305 1900; x_wconf 87' lang='lat' dir='ltr'><strong>dilectam</strong></span> <span class='ocrx_word' id='word_1_146' title='bbox 321 1850 459 1917; x_wconf 90' lang='lat' dir='ltr'><strong>quondam</strong></span> <span class='ocrx_word' id='word_1_147' title='bbox 475 1851 540 1914; x_wconf 89' lang='lat' dir='ltr'><strong>sibi,</strong></span> <span class='ocrx_word' id='word_1_148' title='bbox 557 1853 697 1903; x_wconf 87' lang='lat' dir='ltr'><strong>revocavit</strong></span> <span class='ocrx_word' id='word_1_149' title='bbox 715 1853 745 1902; x_wconf 92' lang='lat' dir='ltr'><strong>in</strong></span> <span class='ocrx_word' id='word_1_150' title='bbox 767 1857 860 1902; x_wconf 86' lang='lat' dir='ltr'><strong>eontu-</strong></span> 
     </span>
     <span class='ocr_line' id='line_1_23' title="bbox 63 1923 860 1994; baseline 0.001 -18"><span class='ocrx_word' id='word_1_151' title='bbox 63 1926 202 1989; x_wconf 87' lang='lat' dir='ltr'><strong>bernimn,</strong></span> <span class='ocrx_word' id='word_1_152' title='bbox 225 1923 376 1994; x_wconf 85' lang='lat' dir='ltr'><strong>habuitque</strong></span> <span class='ocrx_word' id='word_1_153' title='bbox 396 1925 479 1977; x_wconf 88' lang='lat' dir='ltr'><strong>etiam</strong></span> <span class='ocrx_word' id='word_1_154' title='bbox 495 1925 648 1994; x_wconf 84' lang='lat' dir='ltr'><strong>imperator</strong></span> <span class='ocrx_word' id='word_1_155' title='bbox 665 1940 752 1993; x_wconf 89' lang='lat' dir='ltr'><strong>paene</strong></span> <span class='ocrx_word' id='word_1_156' title='bbox 771 1927 860 1977; x_wconf 90' lang='lat' dir='ltr'><strong>iustae</strong></span> 
     </span>
     <span class='ocr_line' id='line_1_24' title="bbox 64 1999 245 2052; baseline 0 -1"><span class='ocrx_word' id='word_1_157' title='bbox 64 2001 161 2052; x_wconf 85' lang='lat' dir='ltr'><strong>uxoris</strong></span> <span class='ocrx_word' id='word_1_158' title='bbox 171 1999 245 2052; x_wconf 84' lang='lat' dir='ltr'><strong>loco.</strong></span> 
     </span>
    </p>

    <p class='ocr_par' dir='ltr' id='par_1_4' title="bbox 10 2073 873 2823">
     <span class='ocr_line' id='line_1_25' title="bbox 36 2073 860 2144; baseline 0.002 -19"><span class='ocrx_word' id='word_1_159' title='bbox 36 2085 38 2089; x_wconf 80' lang='grc'>’</span> <span class='ocrx_word' id='word_1_160' title='bbox 119 2074 167 2126; x_wconf 91' lang='lat' dir='ltr'><strong>lV.</strong></span> <span class='ocrx_word' id='word_1_161' title='bbox 190 2073 307 2126; x_wconf 87' lang='lat' dir='ltr'><strong>Claudio</strong></span> <span class='ocrx_word' id='word_1_162' title='bbox 318 2076 453 2142; x_wconf 86' lang='lat' dir='ltr'><strong>principe,</strong></span> <span class='ocrx_word' id='word_1_163' title='bbox 465 2073 590 2127; x_wconf 86' lang='lat' dir='ltr'><strong>Narcissi</strong></span> <span class='ocrx_word' id='word_1_164' title='bbox 600 2077 691 2143; x_wconf 81' lang='lat' dir='ltr'><strong>gratia</strong></span> <span class='ocrx_word' id='word_1_165' title='bbox 704 2075 812 2144; x_wconf 86' lang='lat' dir='ltr'><strong>legatus</strong></span> <span class='ocrx_word' id='word_1_166' title='bbox 823 2075 860 2127; x_wconf 90' lang='lat' dir='ltr'><strong>le-</strong></span> 
     </span>
     <span class='ocr_line' id='line_1_26' title="bbox 64 2147 860 2219; baseline 0 -17"><span class='ocrx_word' id='word_1_167' title='bbox 64 2151 156 2219; x_wconf 83' lang='lat' dir='ltr'><strong>gionis</strong></span> <span class='ocrx_word' id='word_1_168' title='bbox 166 2151 196 2201; x_wconf 93' lang='lat' dir='ltr'><strong>in</strong></span> <span class='ocrx_word' id='word_1_169' title='bbox 207 2147 382 2201; x_wconf 84' lang='lat' dir='ltr'><strong>Germaniam</strong></span> <span class='ocrx_word' id='word_1_170' title='bbox 392 2151 492 2202; x_wconf 90' lang='lat' dir='ltr'><strong>missus</strong></span> <span class='ocrx_word' id='word_1_171' title='bbox 502 2156 555 2202; x_wconf 90' lang='lat' dir='ltr'><strong>est:</strong></span> <span class='ocrx_word' id='word_1_172' title='bbox 566 2151 640 2202; x_wconf 83' lang='lat' dir='ltr'><strong>inde</strong></span> <span class='ocrx_word' id='word_1_173' title='bbox 650 2152 679 2202; x_wconf 91' lang='lat' dir='ltr'><strong>in</strong></span> <span class='ocrx_word' id='word_1_174' title='bbox 688 2151 860 2202; x_wconf 74' lang='lat' dir='ltr'><strong>britanniam</strong></span> 
     </span>
     <span class='ocr_line' id='line_1_27' title="bbox 64 2224 861 2288; baseline 0 -12"><span class='ocrx_word' id='word_1_175' title='bbox 64 2225 230 2288; x_wconf 79' lang='lat' dir='ltr'><strong>translatus,</strong></span> <span class='ocrx_word' id='word_1_176' title='bbox 244 2225 339 2276; x_wconf 80' lang='lat' dir='ltr'><strong>tricies</strong></span> <span class='ocrx_word' id='word_1_177' title='bbox 354 2241 414 2276; x_wconf 89' lang='lat' dir='ltr'><strong>cum</strong></span> <span class='ocrx_word' id='word_1_178' title='bbox 429 2224 508 2278; x_wconf 88' lang='lat' dir='ltr'><strong>hoste</strong></span> <span class='ocrx_word' id='word_1_179' title='bbox 523 2225 655 2278; x_wconf 83' lang='lat' dir='ltr'><strong>conflixit.</strong></span> <span class='ocrx_word' id='word_1_180' title='bbox 701 2227 778 2277; x_wconf 88' lang='lat' dir='ltr'><strong>Duas</strong></span> <span class='ocrx_word' id='word_1_181' title='bbox 792 2227 861 2278; x_wconf 73' lang='lat' dir='ltr'><strong>v‘ali-</strong></span> 
     </span>
     <span class='ocr_line' id='line_1_28' title="bbox 65 2301 860 2368; baseline -0.001 -15"><span class='ocrx_word' id='word_1_182' title='bbox 65 2301 196 2353; x_wconf 88' lang='lat' dir='ltr'><strong>dissimas</strong></span> <span class='ocrx_word' id='word_1_183' title='bbox 207 2306 300 2368; x_wconf 83' lang='lat' dir='ltr'><strong>gentes</strong></span> <span class='ocrx_word' id='word_1_184' title='bbox 306 2339 319 2363; x_wconf 86' lang='lat'><strong>,.</strong></span> <span class='ocrx_word' id='word_1_185' title='bbox 325 2315 459 2366; x_wconf 86' lang='lat' dir='ltr'><strong>superque</strong></span> <span class='ocrx_word' id='word_1_186' title='bbox 468 2301 567 2368; x_wconf 79' lang='lat' dir='ltr'><strong>viginti</strong></span> <span class='ocrx_word' id='word_1_187' title='bbox 579 2303 693 2368; x_wconf 89' lang='lat' dir='ltr'><strong>oppida,</strong></span> <span class='ocrx_word' id='word_1_188' title='bbox 705 2308 732 2354; x_wconf 90' lang='lat' dir='ltr'><strong>et</strong></span> <span class='ocrx_word' id='word_1_189' title='bbox 741 2301 860 2352; x_wconf 90' lang='lat' dir='ltr'><strong>insulam</strong></span> 
     </span>
     <span class='ocr_line' id='line_1_29' title="bbox 64 2375 860 2442; baseline -0.001 -15"><span class='ocrx_word' id='word_1_190' title='bbox 64 2375 178 2429; x_wconf 85' lang='lat' dir='ltr'><strong>Vectem</strong></span> <span class='ocrx_word' id='word_1_191' title='bbox 186 2375 347 2426; x_wconf 89' lang='lat' dir='ltr'><strong>Britanniae</strong></span> <span class='ocrx_word' id='word_1_192' title='bbox 357 2377 554 2441; x_wconf 82' lang='lat' dir='ltr'><strong>proximam,in</strong></span> <span class='ocrx_word' id='word_1_193' title='bbox 565 2376 731 2429; x_wconf 88' lang='lat' dir='ltr'><strong>deditionem</strong></span> <span class='ocrx_word' id='word_1_194' title='bbox 742 2376 860 2442; x_wconf 85' lang='lat' dir='ltr'><strong>redegit,</strong></span> 
     </span>
     <span class='ocr_line' id='line_1_30' title="bbox 64 2449 861 2520; baseline -0.001 -18"><span class='ocrx_word' id='word_1_195' title='bbox 64 2453 167 2518; x_wconf 86' lang='lat' dir='ltr'><strong>partim</strong></span> <span class='ocrx_word' id='word_1_196' title='bbox 177 2449 355 2501; x_wconf 71' lang='lat' dir='ltr'><strong>subelecta</strong></span> <span class='ocrx_word' id='word_1_197' title='bbox 365 2449 518 2502; x_wconf 89' lang='lat' dir='ltr'><strong>consularis</strong></span> <span class='ocrx_word' id='word_1_198' title='bbox 529 2450 623 2518; x_wconf 85' lang='lat' dir='ltr'><strong>legati,</strong></span> <span class='ocrx_word' id='word_1_199' title='bbox 638 2452 738 2520; x_wconf 87' lang='lat' dir='ltr'><strong>partim</strong></span> <span class='ocrx_word' id='word_1_200' title='bbox 751 2450 861 2502; x_wconf 85' lang='lat' dir='ltr'><strong>Claudii</strong></span> 
     </span>
     <span class='ocr_line' id='line_1_31' title="bbox 10 2520 860 2594; baseline 0.001 -17"><span class='ocrx_word' id='word_1_201' title='bbox 10 2587 11 2590; x_wconf 8' lang='grc' dir='ltr'><strong>Ἴ</strong></span> <span class='ocrx_word' id='word_1_202' title='bbox 63 2520 153 2594; x_wconf 85' lang='lat' dir='ltr'><strong>ipsius</strong></span> <span class='ocrx_word' id='word_1_203' title='bbox 168 2525 260 2576; x_wconf 84' lang='lat' dir='ltr'><strong>ductu.</strong></span> <span class='ocrx_word' id='word_1_204' title='bbox 301 2526 393 2587; x_wconf 74' lang='lat' dir='ltr'><strong>Quare</strong></span> <span class='ocrx_word' id='word_1_205' title='bbox 407 2525 587 2593; x_wconf 85' lang='lat' dir='ltr'><strong>triumphalia</strong></span> <span class='ocrx_word' id='word_1_206' title='bbox 603 2533 775 2591; x_wconf 88' lang='lat' dir='ltr'><strong>ornamenta,</strong></span> <span class='ocrx_word' id='word_1_207' title='bbox 791 2528 860 2578; x_wconf 90' lang='lat' dir='ltr'><strong>etin</strong></span> 
     </span>
     <span class='ocr_line' id='line_1_32' title="bbox 64 2599 861 2669; baseline 0.003 -17"><span class='ocrx_word' id='word_1_208' title='bbox 64 2601 157 2668; x_wconf 85' lang='lat' dir='ltr'><strong>spatio</strong></span> <span class='ocrx_word' id='word_1_209' title='bbox 167 2599 246 2652; x_wconf 84' lang='lat' dir='ltr'><strong>brevi</strong></span> <span class='ocrx_word' id='word_1_210' title='bbox 260 2601 360 2668; x_wconf 87' lang='lat' dir='ltr'><strong>duplex</strong></span> <span class='ocrx_word' id='word_1_211' title='bbox 374 2599 558 2652; x_wconf 88' lang='lat' dir='ltr'><strong>sacerdotium</strong></span> <span class='ocrx_word' id='word_1_212' title='bbox 575 2602 698 2668; x_wconf 86' lang='lat' dir='ltr'><strong>accepit:</strong></span> <span class='ocrx_word' id='word_1_213' title='bbox 718 2607 861 2669; x_wconf 86' lang='lat' dir='ltr'><strong>praeterea</strong></span> 
     </span>
     <span class='ocr_line' id='line_1_33' title="bbox 65 2675 873 2745; baseline 0.002 -17"><span class='ocrx_word' id='word_1_214' title='bbox 65 2675 252 2740; x_wconf 88' lang='lat' dir='ltr'><strong>consulatum,</strong></span> <span class='ocrx_word' id='word_1_215' title='bbox 272 2692 351 2745; x_wconf 89' lang='lat' dir='ltr'><strong>quem</strong></span> <span class='ocrx_word' id='word_1_216' title='bbox 366 2677 452 2744; x_wconf 84' lang='lat' dir='ltr'><strong>gessit</strong></span> <span class='ocrx_word' id='word_1_217' title='bbox 465 2691 514 2744; x_wconf 88' lang='lat' dir='ltr'><strong>per</strong></span> <span class='ocrx_word' id='word_1_218' title='bbox 529 2676 599 2728; x_wconf 90' lang='lat' dir='ltr'><strong>duos</strong></span> <span class='ocrx_word' id='word_1_219' title='bbox 614 2677 780 2728; x_wconf 88' lang='lat' dir='ltr'><strong>novissimos</strong></span> <span class='ocrx_word' id='word_1_220' title='bbox 796 2679 873 2731; x_wconf 74' lang='lat' dir='ltr'><strong>anni&#39;</strong></span> 
     </span>
     <span class='ocr_line' id='line_1_34' title="bbox 63 2750 860 2823; baseline 0.004 -18"><span class='ocrx_word' id='word_1_221' title='bbox 63 2767 171 2806; x_wconf 84' lang='lat' dir='ltr'><strong>menses</strong></span> <span class='ocrx_word' id='word_1_222' title='bbox 183 2769 189 2801; x_wconf 87' lang='lat'>:</span> <span class='ocrx_word' id='word_1_223' title='bbox 208 2750 327 2803; x_wconf 90' lang='lat' dir='ltr'><strong>medium</strong></span> <span class='ocrx_word' id='word_1_224' title='bbox 337 2758 443 2823; x_wconf 89' lang='lat' dir='ltr'><strong>tempus</strong></span> <span class='ocrx_word' id='word_1_225' title='bbox 455 2750 489 2802; x_wconf 88' lang='lat' dir='ltr'><strong>ad</strong></span> <span class='ocrx_word' id='word_1_226' title='bbox 500 2752 725 2821; x_wconf 87' lang='lat' dir='ltr'><strong>proconsulatum</strong></span> <span class='ocrx_word' id='word_1_227' title='bbox 736 2755 860 2821; x_wconf 89' lang='lat' dir='ltr'><strong>usquein</strong></span> 
     </span>
    </p>
   </div>
   <div class='ocr_carea' id='block_1_3' title="bbox 0 0 1022 3022">
    <p class='ocr_par' dir='ltr' id='par_1_5' title="bbox 0 0 1022 3022">
     <span class='ocr_line' id='line_1_35' title="bbox 0 0 1022 3022; baseline 0 0"><span class='ocrx_word' id='word_1_228' title='bbox 0 0 1022 3022; x_wconf 95' lang='lat' dir='ltr'><strong> </strong></span> 
     </span>
    </p>
   </div>
  </div>
 </body>
</html>
