<?xml version="1.0" encoding="UTF-8"?>
<!DOCTYPE html PUBLIC "-//W3C//DTD XHTML 1.0 Transitional//EN"
    "http://www.w3.org/TR/xhtml1/DTD/xhtml1-transitional.dtd">
<html xmlns="http://www.w3.org/1999/xhtml" xml:lang="en" lang="en">
 <head>
  <title>
</title>
<meta http-equiv="Content-Type" content="text/html;charset=utf-8" />
  <meta name='ocr-system' content='tesseract 3.04.00' />
  <meta name='ocr-capabilities' content='ocr_page ocr_carea ocr_par ocr_line ocrx_word'/>
</head>
<body>
  <div class='ocr_page' id='page_1' title='image "./csuetoniitranqu05suetgoog_0311.png"; bbox 0 0 2036 3022; ppageno 0'>
   <div class='ocr_carea' id='block_1_1' title="bbox 168 795 791 862">
    <p class='ocr_par' dir='ltr' id='par_1_1' title="bbox 168 795 791 862">
     <span class='ocr_line' id='line_1_1' title="bbox 168 795 791 862; baseline 0.011 -16"><span class='ocrx_word' id='word_1_1' title='bbox 168 795 199 846; x_wconf 82' lang='lat' dir='ltr'>C.</span> <span class='ocrx_word' id='word_1_2' title='bbox 220 795 458 848; x_wconf 80' lang='lat' dir='ltr'>SUETONII</span> <span class='ocrx_word' id='word_1_3' title='bbox 482 798 791 862; x_wconf 77' lang='lat' dir='ltr'><strong>&#39;I&#39;RANQUILLI</strong></span> 
     </span>
    </p>
   </div>
   <div class='ocr_carea' id='block_1_2' title="bbox 250 954 710 1006">
    <p class='ocr_par' dir='ltr' id='par_1_2' title="bbox 250 954 710 1006">
     <span class='ocr_line' id='line_1_2' title="bbox 250 954 710 1006; baseline 0.013 -6"><span class='ocrx_word' id='word_1_4' title='bbox 250 954 413 1003; x_wconf 84' lang='lat' dir='ltr'><strong>LIBER</strong></span> <span class='ocrx_word' id='word_1_5' title='bbox 448 959 710 1006; x_wconf 79' lang='lat' dir='ltr'>OCTAVUS.</span> 
     </span>
    </p>
   </div>
   <div class='ocr_carea' id='block_1_3' title="bbox 13 1099 875 1192">
    <p class='ocr_par' dir='ltr' id='par_1_3' title="bbox 13 1099 875 1192">
     <span class='ocr_line' id='line_1_3' title="bbox 13 1099 875 1192; baseline 0.017 -38"><span class='ocrx_word' id='word_1_6' title='bbox 13 1145 14 1154; x_wconf 12' lang='grc' dir='ltr'><strong><em>Ν</em></strong></span> <span class='ocrx_word' id='word_1_7' title='bbox 81 1099 875 1192; x_wconf 76' lang='lat' dir='ltr'>nscsvlosvnsnnslnuus.</span> 
     </span>
    </p>
   </div>
   <div class='ocr_carea' id='block_1_4' title="bbox 370 1273 589 1296">
    <p class='ocr_par' dir='ltr' id='par_1_4' title="bbox 370 1273 589 1296">
     <span class='ocr_line' id='line_1_4' title="bbox 370 1273 589 1286; baseline 0.014 -3"><span class='ocrx_word' id='word_1_8' title='bbox 370 1273 589 1286; x_wconf 59' lang='lat' dir='ltr'>——u———nq</span> 
     </span>
     <span class='ocr_line' id='line_1_5' title="bbox 370 1285 589 1296; baseline 0.009 -2"><span class='ocrx_word' id='word_1_9' title='bbox 370 1285 589 1296; x_wconf 79' lang='lat'>-——-—-</span> 
     </span>
    </p>
   </div>
   <div class='ocr_carea' id='block_1_5' title="bbox 135 1397 874 1496">
    <p class='ocr_par' dir='ltr' id='par_1_5' title="bbox 135 1397 874 1496">
     <span class='ocr_line' id='line_1_6' title="bbox 135 1397 874 1496; baseline 0.004 -22"><span class='ocrx_word' id='word_1_10' title='bbox 135 1423 158 1474; x_wconf 89' lang='lat' dir='ltr'>l.</span> <span class='ocrx_word' id='word_1_11' title='bbox 178 1397 356 1480; x_wconf 78' lang='lat' dir='ltr'>Rebellione</span> <span class='ocrx_word' id='word_1_12' title='bbox 369 1423 452 1477; x_wconf 75' lang='lat' dir='ltr'>isium</span> <span class='ocrx_word' id='word_1_13' title='bbox 472 1427 626 1496; x_wconf 83' lang='lat' dir='ltr'>principum</span> <span class='ocrx_word' id='word_1_14' title='bbox 642 1433 669 1479; x_wconf 88' lang='lat' dir='ltr'>et</span> <span class='ocrx_word' id='word_1_15' title='bbox 686 1427 769 1479; x_wconf 84' lang='lat' dir='ltr'>caede</span> <span class='ocrx_word' id='word_1_16' title='bbox 787 1428 874 1477; x_wconf 86' lang='lat' dir='ltr'>incer-</span> 
     </span>
    </p>
   </div>
   <div class='ocr_carea' id='block_1_6' title="bbox 75 1498 921 2846">
    <p class='ocr_par' dir='ltr' id='par_1_6' title="bbox 75 1498 921 2846">
     <span class='ocr_line' id='line_1_7' title="bbox 78 1498 874 1570; baseline 0 -18"><span class='ocrx_word' id='word_1_17' title='bbox 78 1506 138 1552; x_wconf 86' lang='lat' dir='ltr'>tum</span> <span class='ocrx_word' id='word_1_18' title='bbox 153 1498 203 1550; x_wconf 88' lang='lat' dir='ltr'>diu</span> <span class='ocrx_word' id='word_1_19' title='bbox 217 1504 244 1550; x_wconf 86' lang='lat' dir='ltr'>et</span> <span class='ocrx_word' id='word_1_20' title='bbox 257 1499 338 1567; x_wconf 86' lang='lat' dir='ltr'>quasi</span> <span class='ocrx_word' id='word_1_21' title='bbox 347 1515 445 1568; x_wconf 79' lang='lat' dir='ltr'>vagum</span> <span class='ocrx_word' id='word_1_22' title='bbox 458 1502 603 1570; x_wconf 84' lang='lat' dir='ltr'>imperium</span> <span class='ocrx_word' id='word_1_23' title='bbox 615 1504 735 1570; x_wconf 80' lang='lat' dir='ltr'>suscepit</span> <span class='ocrx_word' id='word_1_24' title='bbox 745 1503 874 1560; x_wconf 86' lang='lat' dir='ltr'>firmavit-</span> 
     </span>
     <span class='ocr_line' id='line_1_8' title="bbox 80 1573 873 1646; baseline 0.001 -21"><span class='ocrx_word' id='word_1_25' title='bbox 80 1591 134 1646; x_wconf 85' lang='lat' dir='ltr'>que</span> <span class='ocrx_word' id='word_1_26' title='bbox 143 1573 254 1626; x_wconf 87' lang='lat' dir='ltr'>tandem</span> <span class='ocrx_word' id='word_1_27' title='bbox 264 1589 329 1642; x_wconf 84' lang='lat' dir='ltr'>gens</span> <span class='ocrx_word' id='word_1_28' title='bbox 339 1574 448 1641; x_wconf 88' lang='lat' dir='ltr'>Flavia,</span> <span class='ocrx_word' id='word_1_29' title='bbox 462 1579 579 1631; x_wconf 84' lang='lat' dir='ltr'>obscura</span> <span class='ocrx_word' id='word_1_30' title='bbox 589 1579 639 1629; x_wconf 88' lang='lat' dir='ltr'>illa</span> <span class='ocrx_word' id='word_1_31' title='bbox 651 1577 759 1646; x_wconf 89' lang='lat' dir='ltr'>quidem</span> <span class='ocrx_word' id='word_1_32' title='bbox 771 1592 804 1627; x_wconf 87' lang='lat' dir='ltr'>ac</span> <span class='ocrx_word' id='word_1_33' title='bbox 814 1577 873 1628; x_wconf 89' lang='lat' dir='ltr'>sine</span> 
     </span>
     <span class='ocr_line' id='line_1_9' title="bbox 79 1649 872 1719; baseline 0.004 -20"><span class='ocrx_word' id='word_1_34' title='bbox 79 1649 145 1710; x_wconf 81' lang='lat' dir='ltr'>ullis</span> <span class='ocrx_word' id='word_1_35' title='bbox 156 1649 291 1700; x_wconf 89' lang='lat' dir='ltr'>maiorum</span> <span class='ocrx_word' id='word_1_36' title='bbox 301 1651 480 1718; x_wconf 75' lang='lat' dir='ltr'>imaginibus,</span> <span class='ocrx_word' id='word_1_37' title='bbox 491 1655 538 1706; x_wconf 85' lang='lat' dir='ltr'>sed</span> <span class='ocrx_word' id='word_1_38' title='bbox 549 1661 640 1705; x_wconf 90' lang='lat' dir='ltr'>tamen</span> <span class='ocrx_word' id='word_1_39' title='bbox 650 1652 818 1719; x_wconf 87' lang='lat' dir='ltr'>reipublicae</span> <span class='ocrx_word' id='word_1_40' title='bbox 827 1667 872 1702; x_wconf 90' lang='lat' dir='ltr'>ne·</span> 
     </span>
     <span class='ocr_line' id='line_1_10' title="bbox 80 1725 871 1793; baseline -0.001 -17"><span class='ocrx_word' id='word_1_41' title='bbox 80 1741 219 1793; x_wconf 86' lang='lat' dir='ltr'>quaquam</span> <span class='ocrx_word' id='word_1_42' title='bbox 238 1725 422 1793; x_wconf 85' lang='lat' dir='ltr'>poenitenda3</span> <span class='ocrx_word' id='word_1_43' title='bbox 453 1734 559 1780; x_wconf 86' lang='lat' dir='ltr'>constet</span> <span class='ocrx_word' id='word_1_44' title='bbox 578 1729 660 1792; x_wconf 89' lang='lat' dir='ltr'>licet,</span> <span class='ocrx_word' id='word_1_45' title='bbox 681 1727 871 1780; x_wconf 90' lang='lat' dir='ltr'>Domitianum</span> 
     </span>
     <span class='ocr_line' id='line_1_11' title="bbox 79 1793 872 1871; baseline -0.001 -19"><span class='ocrx_word' id='word_1_46' title='bbox 79 1799 240 1870; x_wconf 83' lang='lat' dir='ltr'>cupiditatis</span> <span class='ocrx_word' id='word_1_47' title='bbox 251 1815 284 1851; x_wconf 89' lang='lat' dir='ltr'>ac</span> <span class='ocrx_word' id='word_1_48' title='bbox 293 1801 426 1853; x_wconf 86' lang='lat' dir='ltr'>saevitiae</span> <span class='ocrx_word' id='word_1_49' title='bbox 436 1804 533 1863; x_wconf 84' lang='lat' dir='ltr'>merito</span> <span class='ocrx_word' id='word_1_50' title='bbox 545 1819 648 1871; x_wconf 86' lang='lat' dir='ltr'>poenas</span> <span class='ocrx_word' id='word_1_51' title='bbox 659 1801 752 1854; x_wconf 89' lang='lat' dir='ltr'>luisse.</span> <span class='ocrx_word' id='word_1_52' title='bbox 789 1793 872 1852; x_wconf 76' lang='lat' dir='ltr'>&#39;l&#39;itus</span> 
     </span>
     <span class='ocr_line' id='line_1_12' title="bbox 77 1873 870 1943; baseline -0.001 -17"><span class='ocrx_word' id='word_1_53' title='bbox 77 1875 192 1926; x_wconf 70' lang='lat' dir='ltr'>Flavium</span> <span class='ocrx_word' id='word_1_54' title='bbox 202 1873 299 1940; x_wconf 89' lang='lat' dir='ltr'>Petro,</span> <span class='ocrx_word' id='word_1_55' title='bbox 310 1876 450 1943; x_wconf 85' lang='lat' dir='ltr'>municeps</span> <span class='ocrx_word' id='word_1_56' title='bbox 460 1877 606 1940; x_wconf 88' lang='lat' dir='ltr'>Reatinus,</span> <span class='ocrx_word' id='word_1_57' title='bbox 617 1876 691 1928; x_wconf 90' lang='lat' dir='ltr'>bello</span> <span class='ocrx_word' id='word_1_58' title='bbox 704 1877 780 1927; x_wconf 87' lang='lat' dir='ltr'>civili</span> <span class='ocrx_word' id='word_1_59' title='bbox 789 1875 870 1927; x_wconf 90' lang='lat' dir='ltr'>Pom-</span> 
     </span>
     <span class='ocr_line' id='line_1_13' title="bbox 77 1951 871 2018; baseline -0.005 -15"><span class='ocrx_word' id='word_1_60' title='bbox 77 1951 239 2018; x_wconf 86' lang='lat' dir='ltr'>peianarum</span> <span class='ocrx_word' id='word_1_61' title='bbox 254 1951 373 2017; x_wconf 77' lang='lat' dir='ltr'>partium</span> <span class='ocrx_word' id='word_1_62' title='bbox 378 1990 387 2016; x_wconf 93' lang='lat'>,</span> <span class='ocrx_word' id='word_1_63' title='bbox 403 1953 525 2004; x_wconf 88' lang='lat' dir='ltr'>centurio</span> <span class='ocrx_word' id='word_1_64' title='bbox 541 1951 674 2004; x_wconf 79' lang='lat' dir='ltr'>incertum</span> <span class='ocrx_word' id='word_1_65' title='bbox 686 1967 721 2001; x_wconf 91' lang='lat' dir='ltr'>an</span> <span class='ocrx_word' id='word_1_66' title='bbox 732 1956 871 2014; x_wconf 84' lang='lat' dir='ltr'>evocatus,</span> 
     </span>
     <span class='ocr_line' id='line_1_14' title="bbox 78 2023 871 2094; baseline -0.003 -18"><span class='ocrx_word' id='word_1_67' title='bbox 78 2025 202 2094; x_wconf 83' lang='lat' dir='ltr'>profugit</span> <span class='ocrx_word' id='word_1_68' title='bbox 217 2040 249 2076; x_wconf 82' lang='lat' dir='ltr'>ex</span> <span class='ocrx_word' id='word_1_69' title='bbox 261 2023 422 2078; x_wconf 86' lang='lat' dir='ltr'>Pharsalica</span> <span class='ocrx_word' id='word_1_70' title='bbox 433 2027 506 2092; x_wconf 86' lang='lat' dir='ltr'>acie,</span> <span class='ocrx_word' id='word_1_71' title='bbox 518 2027 681 2093; x_wconf 72' lang='lat' dir='ltr'>domusque</span> <span class='ocrx_word' id='word_1_72' title='bbox 696 2042 725 2078; x_wconf 85' lang='lat' dir='ltr'>se</span> <span class='ocrx_word' id='word_1_73' title='bbox 736 2025 871 2086; x_wconf 75' lang='lat' dir='ltr'>contulit,</span> 
     </span>
     <span class='ocr_line' id='line_1_15' title="bbox 77 2099 872 2169; baseline -0.004 -17"><span class='ocrx_word' id='word_1_74' title='bbox 77 2102 125 2152; x_wconf 91' lang='lat' dir='ltr'>ubi</span> <span class='ocrx_word' id='word_1_75' title='bbox 135 2099 246 2165; x_wconf 89' lang='lat' dir='ltr'>deinde,</span> <span class='ocrx_word' id='word_1_76' title='bbox 262 2101 343 2152; x_wconf 88' lang='lat' dir='ltr'>venia</span> <span class='ocrx_word' id='word_1_77' title='bbox 357 2106 385 2153; x_wconf 86' lang='lat' dir='ltr'>et</span> <span class='ocrx_word' id='word_1_78' title='bbox 398 2102 528 2154; x_wconf 90' lang='lat' dir='ltr'>missione</span> <span class='ocrx_word' id='word_1_79' title='bbox 543 2103 701 2169; x_wconf 88' lang='lat' dir='ltr'>impetrata,</span> <span class='ocrx_word' id='word_1_80' title='bbox 714 2100 872 2152; x_wconf 85' lang='lat' dir='ltr'>coactiones</span> 
     </span>
     <span class='ocr_line' id='line_1_16' title="bbox 78 2174 921 2244; baseline 0 -18"><span class='ocrx_word' id='word_1_81' title='bbox 78 2176 251 2244; x_wconf 88' lang='lat' dir='ltr'>argentarias</span> <span class='ocrx_word' id='word_1_82' title='bbox 264 2174 410 2228; x_wconf 85' lang='lat' dir='ltr'>factitavit.</span> <span class='ocrx_word' id='word_1_83' title='bbox 449 2178 540 2228; x_wconf 87' lang='lat' dir='ltr'>Huius</span> <span class='ocrx_word' id='word_1_84' title='bbox 551 2177 636 2242; x_wconf 87' lang='lat' dir='ltr'>filius,</span> <span class='ocrx_word' id='word_1_85' title='bbox 649 2177 810 2244; x_wconf 86' lang='lat' dir='ltr'>cognomine</span> <span class='ocrx_word' id='word_1_86' title='bbox 822 2174 870 2227; x_wconf 87' lang='lat' dir='ltr'>Sa·</span> <span class='ocrx_word' id='word_1_87' title='bbox 919 2202 921 2206; x_wconf 85' lang='lat'><em>.</em></span> 
     </span>
     <span class='ocr_line' id='line_1_17' title="bbox 76 2250 870 2322; baseline -0.003 -19"><span class='ocrx_word' id='word_1_88' title='bbox 76 2252 171 2316; x_wconf 88' lang='lat' dir='ltr'>binus,</span> <span class='ocrx_word' id='word_1_89' title='bbox 193 2265 288 2316; x_wconf 84' lang='lat' dir='ltr'>expers</span> <span class='ocrx_word' id='word_1_90' title='bbox 309 2251 425 2303; x_wconf 90' lang='lat' dir='ltr'>militiae</span> <span class='ocrx_word' id='word_1_91' title='bbox 446 2255 511 2316; x_wconf 81' lang='lat' dir='ltr'>(etsi</span> <span class='ocrx_word' id='word_1_92' title='bbox 521 2253 631 2322; x_wconf 87' lang='lat' dir='ltr'>quidam</span> <span class='ocrx_word' id='word_1_93' title='bbox 644 2268 705 2303; x_wconf 90' lang='lat' dir='ltr'>eum</span> <span class='ocrx_word' id='word_1_94' title='bbox 719 2250 870 2319; x_wconf 86' lang='lat' dir='ltr'>primipila-</span> 
     </span>
     <span class='ocr_line' id='line_1_18' title="bbox 76 2326 870 2395; baseline -0.005 -16"><span class='ocrx_word' id='word_1_95' title='bbox 76 2343 143 2391; x_wconf 85' lang='lat' dir='ltr'>rem,</span> <span class='ocrx_word' id='word_1_96' title='bbox 163 2326 297 2391; x_wconf 88' lang='lat' dir='ltr'>nonnulli,</span> <span class='ocrx_word' id='word_1_97' title='bbox 319 2343 400 2395; x_wconf 87' lang='lat' dir='ltr'>quum</span> <span class='ocrx_word' id='word_1_98' title='bbox 417 2326 506 2379; x_wconf 89' lang='lat' dir='ltr'>adbuc</span> <span class='ocrx_word' id='word_1_99' title='bbox 521 2327 630 2380; x_wconf 86' lang='lat' dir='ltr'>ordines</span> <span class='ocrx_word' id='word_1_100' title='bbox 645 2326 763 2391; x_wconf 86' lang='lat' dir='ltr'>duceret,</span> <span class='ocrx_word' id='word_1_101' title='bbox 779 2341 870 2376; x_wconf 89' lang='lat' dir='ltr'>sacra-</span> 
     </span>
     <span class='ocr_line' id='line_1_19' title="bbox 75 2397 869 2468; baseline -0.004 -15"><span class='ocrx_word' id='word_1_102' title='bbox 75 2408 168 2454; x_wconf 91' lang='lat' dir='ltr'>mento</span> <span class='ocrx_word' id='word_1_103' title='bbox 193 2401 314 2452; x_wconf 91' lang='lat' dir='ltr'>solutum</span> <span class='ocrx_word' id='word_1_104' title='bbox 337 2417 386 2468; x_wconf 88' lang='lat' dir='ltr'>per</span> <span class='ocrx_word' id='word_1_105' title='bbox 411 2417 522 2453; x_wconf 86' lang='lat' dir='ltr'>causam</span> <span class='ocrx_word' id='word_1_106' title='bbox 541 2401 719 2466; x_wconf 81' lang='lat' dir='ltr'>valetudinis,</span> <span class='ocrx_word' id='word_1_107' title='bbox 743 2397 869 2464; x_wconf 85' lang='lat' dir='ltr'>tradunt)</span> 
     </span>
     <span class='ocr_line' id='line_1_20' title="bbox 75 2475 870 2546; baseline -0.006 -16"><span class='ocrx_word' id='word_1_108' title='bbox 75 2477 252 2546; x_wconf 87' lang='lat' dir='ltr'>publicanum</span> <span class='ocrx_word' id='word_1_109' title='bbox 264 2476 489 2544; x_wconf 84' lang='lat' dir='ltr'>quadragesimae</span> <span class='ocrx_word' id='word_1_110' title='bbox 500 2478 529 2528; x_wconf 91' lang='lat' dir='ltr'>in</span> <span class='ocrx_word' id='word_1_111' title='bbox 539 2478 605 2528; x_wconf 81' lang='lat' dir='ltr'>Asia</span> <span class='ocrx_word' id='word_1_112' title='bbox 615 2477 679 2544; x_wconf 88' lang='lat' dir='ltr'>egit.</span> <span class='ocrx_word' id='word_1_113' title='bbox 708 2475 870 2527; x_wconf 87' lang='lat' dir='ltr'>Manebant-</span> 
     </span>
     <span class='ocr_line' id='line_1_21' title="bbox 78 2549 868 2622; baseline -0.004 -18"><span class='ocrx_word' id='word_1_114' title='bbox 78 2569 130 2622; x_wconf 88' lang='lat' dir='ltr'>que</span> <span class='ocrx_word' id='word_1_115' title='bbox 144 2553 278 2619; x_wconf 82' lang='lat' dir='ltr'>imagines</span> <span class='ocrx_word' id='word_1_116' title='bbox 294 2568 311 2602; x_wconf 89' lang='lat' dir='ltr'>a</span> <span class='ocrx_word' id='word_1_117' title='bbox 325 2552 483 2604; x_wconf 85' lang='lat' dir='ltr'>civitatibus</span> <span class='ocrx_word' id='word_1_118' title='bbox 494 2554 520 2604; x_wconf 91' lang='lat' dir='ltr'>ei</span> <span class='ocrx_word' id='word_1_119' title='bbox 533 2553 641 2621; x_wconf 86' lang='lat' dir='ltr'>positae</span> <span class='ocrx_word' id='word_1_120' title='bbox 652 2550 702 2602; x_wconf 87' lang='lat' dir='ltr'>sub</span> <span class='ocrx_word' id='word_1_121' title='bbox 713 2549 767 2602; x_wconf 88' lang='lat' dir='ltr'>boc</span> <span class='ocrx_word' id='word_1_122' title='bbox 776 2549 868 2615; x_wconf 89' lang='lat' dir='ltr'>titulo,</span> 
     </span>
     <span class='ocr_line' id='line_1_22' title="bbox 76 2621 869 2694; baseline -0.006 -13"><span class='ocrx_word' id='word_1_123' title='bbox 76 2627 158 2681; x_wconf 72' lang='grc' dir='ltr'><strong><em>καλῶς</em></strong></span> <span class='ocrx_word' id='word_1_124' title='bbox 176 2621 355 2690; x_wconf 63' lang='lat' dir='ltr'>scissionem.</span> <span class='ocrx_word' id='word_1_125' title='bbox 401 2626 503 2679; x_wconf 86' lang='lat' dir='ltr'>Postea</span> <span class='ocrx_word' id='word_1_126' title='bbox 526 2626 604 2679; x_wconf 81' lang='lat' dir='ltr'>fenus</span> <span class='ocrx_word' id='word_1_127' title='bbox 629 2625 703 2694; x_wconf 87' lang='lat' dir='ltr'>apud</span> <span class='ocrx_word' id='word_1_128' title='bbox 726 2624 869 2676; x_wconf 85' lang='lat' dir='ltr'>Helvetios</span> 
     </span>
     <span class='ocr_line' id='line_1_23' title="bbox 77 2698 870 2770; baseline -0.005 -15"><span class='ocrx_word' id='word_1_129' title='bbox 77 2703 209 2763; x_wconf 85' lang='lat' dir='ltr'>exercuit,</span> <span class='ocrx_word' id='word_1_130' title='bbox 224 2702 318 2770; x_wconf 87' lang='lat' dir='ltr'>ibique</span> <span class='ocrx_word' id='word_1_131' title='bbox 333 2703 404 2754; x_wconf 86' lang='lat' dir='ltr'>diem</span> <span class='ocrx_word' id='word_1_132' title='bbox 420 2703 502 2767; x_wconf 89' lang='lat' dir='ltr'>obiit,</span> <span class='ocrx_word' id='word_1_133' title='bbox 518 2701 710 2770; x_wconf 86' lang='lat' dir='ltr'>superstitibus</span> <span class='ocrx_word' id='word_1_134' title='bbox 719 2715 806 2752; x_wconf 78' lang='lat' dir='ltr'>uxore</span> <span class='ocrx_word' id='word_1_135' title='bbox 815 2698 870 2752; x_wconf 85' lang='lat' dir='ltr'>Va·</span> 
     </span>
     <span class='ocr_line' id='line_1_24' title="bbox 77 2775 870 2846; baseline 0 -16"><span class='ocrx_word' id='word_1_136' title='bbox 77 2778 170 2846; x_wconf 87' lang='lat' dir='ltr'>spasia</span> <span class='ocrx_word' id='word_1_137' title='bbox 180 2775 269 2842; x_wconf 90' lang='lat' dir='ltr'>Polla,</span> <span class='ocrx_word' id='word_1_138' title='bbox 281 2783 309 2828; x_wconf 90' lang='lat' dir='ltr'>et</span> <span class='ocrx_word' id='word_1_139' title='bbox 319 2778 426 2832; x_wconf 88' lang='lat' dir='ltr'>duobus</span> <span class='ocrx_word' id='word_1_140' title='bbox 436 2793 470 2831; x_wconf 83' lang='lat' dir='ltr'>ex</span> <span class='ocrx_word' id='word_1_141' title='bbox 481 2794 514 2830; x_wconf 84' lang='lat' dir='ltr'>ea</span> <span class='ocrx_word' id='word_1_142' title='bbox 524 2779 631 2830; x_wconf 75' lang='lat' dir='ltr'>libetis:</span> <span class='ocrx_word' id='word_1_143' title='bbox 652 2792 768 2845; x_wconf 89' lang='lat' dir='ltr'>quorum</span> <span class='ocrx_word' id='word_1_144' title='bbox 779 2775 870 2830; x_wconf 87' lang='lat' dir='ltr'>maior</span> 
     </span>
    </p>
   </div>
   <div class='ocr_carea' id='block_1_7' title="bbox 0 0 1022 3022">
    <p class='ocr_par' dir='ltr' id='par_1_7' title="bbox 0 0 1022 3022">
     <span class='ocr_line' id='line_1_25' title="bbox 0 0 1022 3022; baseline 0 0"><span class='ocrx_word' id='word_1_145' title='bbox 0 0 1022 3022; x_wconf 95' lang='lat' dir='ltr'> </span> 
     </span>
    </p>
   </div>
  </div>
 </body>
</html>
