2044 3028
175 211 225 265 ³16
372 215 376 225 “
453 210 691 259 osuEToNH
769 198 774 206 ¹

176 337 274 391 morbo
286 325 403 388 afflictus
414 335 471 387 diu.
512 327 634 398 Quorum
646 336 767 388 omnium
781 349 852 386 mox
861 351 973 401 mensor,

176 419 295 466 statuam
310 414 337 464 ei
348 427 459 463 auream
473 411 502 462 in
512 410 622 463 Palatio
637 413 744 481 posuit,
766 415 793 462 ct
809 411 929 462 alteram
943 427 972 462 cr

177 491 259 542 chore
284 492 448 555 equestrem,
474 502 549 555 quaer
568 487 684 538 circensi
707 501 810 554 pompa
836 485 971 554 hodieque

176 564 339 633 praefertur,
351 562 497 626 dedicavit,
509 567 725 630 prosecutusque
736 567 786 613 est.
814 607 819 614 .

231 638 279 689 lll.
298 637 330 688 ln
340 653 425 705 puero
437 639 530 688 statim
542 637 666 704 corporis
681 637 822 703 animique
837 637 921 689 dotes
931 652 971 689 ex-

177 713 383 782 splendnerunt,
402 711 544 780 magisque
556 727 589 762 ac
598 712 686 778 magis
697 711 828 778 deinceps
838 728 892 779 per
903 719 971 764 neta-

176 791 213 840 tis
223 788 338 855 gradus:
358 786 448 838 forma
458 788 581 854 egregia,
593 791 621 837 et
632 787 677 837 cui
685 801 741 838 non
750 786 842 838 minus
855 788 971 840 auctori·

177 863 243 914 tatis
252 863 362 926 inesset,
374 877 456 929 quam
466 863 585 928 gratiae3
595 862 773 930 praecipuum
782 861 881 926 robur,
892 878 972 930 quao-

178 953 260 1006 qnam
274 952 362 1005 neque
377 952 494 1006 procera
508 942 627 1000 statura,
649 942 676 989 et
690 941 783 988 ventre
798 937 897 1002 paullo
913 952 972 1005 pro-

177 1013 304 1075 iectiore3
334 1013 467 1064 memoria
486 1011 645 1078 singularis,
672 1011 802 1062 docilitas
824 1012 861 1062 ad
883 1028 972 1064 omncs

178 1088 235 1141 fere
249 1093 306 1140 trun
321 1087 388 1138 belli
401 1093 458 1140 tum
471 1087 549 1155 pacis
565 1093 647 1138 artes.
685 1087 831 1138 Armorum
852 1093 882 1139 et
901 1089 974 1157 equi-

178 1163 256 1216 tandi
266 1163 460 1231 peritissimus:
480 1159 580 1212 Latine
592 1160 750 1229 Graeceque
764 1162 808 1212 vel
821 1161 852 1212 in
870 1164 973 1214 orando

178 1239 260 1290 vello
271 1238 404 1304 fingendis
415 1236 589 1305 poematibus
600 1243 743 1304 promptus
754 1242 782 1288 et
794 1236 904 1302 facilis,
928 1237 974 1306 [ad

112 1347 113 1350 =
179 1312 444 1380 extemporalitatem
462 1312 577 1381 usque]:
601 1311 701 1364 sedne
721 1312 844 1364 musicae
867 1314 974 1381 quidem

178 1387 269 1451 rudis,
288 1393 320 1438 ut
334 1388 382 1455 qui
397 1392 521 1438 cantaret
535 1392 563 1438 ct
576 1387 706 1453 psalleret
715 1387 836 1439 iucunde
846 1389 974 1440 scienter-

180 1478 240 1531 que.
279 1461 447 1532 Eplnribos
468 1463 601 1533 comperi,
623 1463 699 1513 notis
720 1477 830 1529 queque
850 1464 974 1531 excipere

177 1538 351 1590 velocissime
362 1538 486 1603 solitum,
508 1552 568 1587 cum
583 1537 795 1589 amanuensibus
806 1539 866 1588 suis
878 1555 928 1606 per
937 1539 974 1589 ln·

179 1614 244 1664 dum
271 1613 417 1680 iocumque
447 1617 608 1674 certantem3
645 1613 751 1665 imitari
780 1611 974 1682 chirographa,

180 1703 357 1755 quaecunque
367 1687 494 1751 vidisset,
511 1702 543 1738 ac
553 1687 677 1754 profiteri
687 1703 782 1756 saepo,
794 1703 822 1738 se
833 1689 976 1740 maximum

172 1761 513 1835 salrare'emessepotoirse.

234 1835 282 1888 IV.
302 1838 442 1890 Tribunus
456 1835 573 1888 militum
589 1843 617 1889 et
629 1839 659 1892 iu
669 1836 820 1889 Germania
836 1846 865 1891 et
880 1841 910 1892 in
920 1841 976 1890 Bri-

179 1913 275 1966 tannia
284 1915 396 1978 meruit,
418 1928 524 1964 summa
538 1911 691 1964 industriae
705 1929 756 1964 nec
766 1915 877 1968 minore
888 1916 977 1967 mode·
1010 1943 1011 1947 =

179 1989 251 2040 stiae
269 1988 359 2051 fama3
389 1989 461 2039 sicut
480 1994 596 2055 apparet
615 1994 768 2040 statuanrm
783 1995 811 2040 et
825 1991 976 2059 imaginum

181 2064 240 2115 eins
250 2063 425 2115 multitudine
436 2078 469 2113 ac
479 2063 567 2114 titulis
581 2077 631 2130 per
639 2069 785 2132 utramque
795 2067 976 2132 provinciam.

179 2137 248 2190 Post
262 2137 400 2204 stipendia
414 2138 476 2189 foro
493 2152 605 2206 oporam
620 2138 707 2202 dedit,
729 2138 875 2192 honestam
892 2142 977 2208 magis

180 2227 262 2279 qoam
274 2213 422 2263 assiduam.
446 2211 605 2280 Eodemque
615 2219 738 2279 tempore
748 2215 904 2268 Aricidiam
914 2217 977 2267 Ter·

179 2287 289 2351 tullam,
310 2293 388 2354 patre
403 2288 494 2356 equite
508 2287 648 2353 Romano,
669 2281 717 2338 sed
732 2289 875 2355 praelecto
894 2307 977 2360 quon·

180 2362 243 2413 dam
262 2363 500 2428 praetorianorum
515 2359 683 2427 cohortium,
705 2363 784 2414 duxit
797 2379 928 2418 uxorem=
953 2371 978 2416 et

179 2438 209 2488 io
229 2437 374 2489 defunctae
394 2437 485 2488 locum
499 2437 635 2489 Murciam
650 2438 817 2504 Furnillam,
840 2441 978 2508 splendidi

180 2512 301 2578 generis;
323 2529 383 2563 cum
394 2527 457 2581 qua,
470 2511 580 2563 sublata
591 2513 657 2576 filia,
670 2514 819 2567 divortium
831 2515 908 2567 lecit.
938 2517 977 2566 Er

181 2591 345 2651 quaesturae
357 2583 570 2638 deindelronore
580 2586 685 2654 legioni
694 2591 887 2656 praepositus,
899 2592 976 2642 Tari-

181 2657 262 2711 cheas
276 2666 305 2711 et
318 2659 476 2724 Gamalam,
496 2660 578 2712 urbes
592 2660 711 2715 ludaeae
725 2665 930 2732 validissimas,
949 2668 975 2718 in

178 2737 343 2801 potestatem
358 2735 477 2802 redegit3
502 2751 573 2808 equo
589 2738 708 2810 quadam
724 2739 784 2792 acie
798 2742 851 2794 sub
871 2741 973 2798 femini-
