2026 3020
209 267 352 315 1oo1us.
370 265 522 314 causan.
560 269 634 316 car.
655 273 772 318 arr-29.
855 267 887 322 15

86 395 125 449 tis
140 393 201 446 iam
219 393 343 444 curribus
359 397 387 443 et
401 407 531 460 quorsum
545 394 597 444 illa
609 394 751 460 tenderent
761 403 888 464 reputan-

87 473 181 534 tibus,
202 468 240 519 M.
253 469 386 519 Claudius
396 468 545 519 Marcellus
562 470 660 521 consul
674 470 765 522 edicto
782 473 893 539 praefa-x

87 555 145 610 tus,
158 547 194 596 de
204 559 309 594 acroama
319 559 349 594 se
359 545 500 610 republica
512 550 635 596 actrrruru
641 585 649 610 ‚
661 546 756 598 retulit
766 546 802 597 ad
812 541 894 599 sena-¹

87 629 160 684 trum
173 625 204 670 ut
214 621 239 671 ei
249 619 443 670 succederetur
454 625 517 670 ante
528 625 647 686 tempus,
659 623 803 688 quoniam,
815 623 888 674 bello

90 695 233 760 confecto,
254 709 310 760 pax
325 699 397 745 esset
411 710 443 744 ac
454 694 555 745 diuritti
566 695 677 748 deberet
687 698 777 748 victor
787 699 889 750 exerci-

88 779 148 834 tus3
170 777 198 822 ct
207 785 242 820 ne
254 769 375 820 absentis
386 769 458 822 ratio
471 770 592 820 comitiis
602 768 761 835 haberetur,
778 773 888 840 quando

90 854 120 898 et
143 845 292 913 plebiscito
313 843 461 910 Pompeius
485 850 582 911 posteo
602 847 772 914 abrogasset.
811 849 889 898 Acci·

92 923 172 972 derat
184 925 288 983 auteur,
309 925 340 969 ut
350 919 387 982 is,
409 919 496 986 legem
512 920 544 970 de
559 921 618 972 iure
629 923 839 989 magistratuum
850 923 888 974 ie-

92 1013 169 1059 rens,
192 1010 225 1046 eo
240 992 344 1062 capite,
367 1009 420 1060 quo
437 1009 453 1044 a
468 995 601 1062 petitione
616 994 751 1048 honorum
764 999 889 1049 absentes

92 1070 293 1132 summovebat,
305 1085 339 1120 ne
351 1069 494 1120 Caesarem
507 1069 616 1135 quodem
628 1072 773 1137 exciperet,
784 1089 832 1138 per
843 1073 889 1122 ob-

92 1147 238 1207 livionem3
264 1159 297 1195 ac
307 1159 384 1208 mox,
406 1145 465 1210 lege
475 1145 530 1194 iarn
542 1145 570 1194 in
583 1159 628 1195 aes
639 1146 727 1196 incisa
738 1147 803 1197 etin
814 1161 890 1197 aera-

92 1223 165 1272 rium
186 1219 311 1284 condita,
333 1220 483 1286 corrigeret
501 1235 630 1270 errorem.
669 1219 727 1272 Nec
746 1226 890 1272 contentus

92 1295 244 1348 Marcellus
255 1295 414 1362 provincias
426 1295 539 1345 Caesari
555 1300 581 1345 et
591 1293 764 1364 privilegium
775 1298 889 1364 eripere,

93 1371 189 1423 retulit
201 1371 293 1433 etiam,
305 1375 336 1420 ut
347 1369 462 1432 colonis,
475 1385 544 1436 quos
555 1371 700 1436 rogatione
711 1371 823 1422 Vatinia
833 1371 890 1422 No-

92 1461 269 1498 vumconuuu
281 1445 447 1508 deduxisset,
459 1445 555 1495 civitas
568 1446 744 1509 adimeretur,
757 1447 831 1514 quod
843 1463 891 1514 per

96 1521 276 1572 ambitionem
287 1524 314 1570 et
323 1519 398 1570 ultra
409 1521 607 1586 praescriptum
617 1521 682 1572 data
693 1529 773 1573 esset.

150 1595 253 1646 xxix,
275 1595 435 1646 Connnotns
447 1593 488 1644 bis
500 1596 602 1645 Caesar
613 1611 646 1646 ac
656 1596 791 1660 iudicans,
804 1596 891 1664 (quod

95 1687 178 1739 saepe
190 1686 224 1722 ex
235 1687 267 1722 eo
281 1669 404 1720 auditum
416 1669 536 1732 serrium)
549 1670 689 1722 difficilius
700 1688 729 1722 se
740 1672 890 1738 principem

96 1747 246 1798 civitatisa
262 1745 351 1812 primo
367 1745 463 1796 ordine
478 1746 506 1796 in
521 1746 682 1810 secumdum,
705 1763 786 1814 quarn
802 1762 835 1798 ex
850 1763 891 1797 sc-

97 1822 186 1874 cundo
198 1821 227 1870 in
238 1821 430 1882 novissimum,
453 1819 573 1884 detrudi,
596 1837 701 1871 surmio
718 1837 769 1888 ope
780 1823 890 1884 restitit,

97 1898 197 1965 partim
213 1913 261 1962 per
276 1897 472 1946 intercessores
487 1895 626 1958 tribunos,
648 1898 748 1963 partim
767 1913 815 1964 per
830 1897 890 1948 Ser-

95 1974 170 2024 uium
182 1971 344 2038 Sulpicium,
357 1970 471 2021 alterum
485 1970 633 2020 consulem.
658 1971 814 2038 insequenti
824 1987 891 2037 qno-

97 2064 149 2116 que
161 2063 242 2111 auuo‚
256 2047 285 2096 C.
297 2045 441 2108 Marcello,
455 2044 503 2112 qui
512 2043 593 2093 fratri
604 2045 723 2110 patrueli
733 2061 783 2095 sno
794 2043 891 2094 Marco

96 2126 124 2174 in
136 2123 283 2174 consulatu
298 2125 479 2183 successerat,
496 2118 591 2169 eadem
605 2125 740 2184 tentante,
757 2119 891 2186 collegam

97 2199 156 2251 eius
166 2197 312 2251 Aemilium
325 2195 464 2258 Paullum,
486 2195 636 2262 Gaiumque
653 2195 812 2260 Curionem,
832 2195 891 2247 vio-

98 2274 277 2326 lentissimum
294 2271 479 2334 tribunorum,
500 2270 605 2336 ingenti
624 2272 747 2322 mercede
767 2270 892 2344 defenso-

98 2365 139 2401 res
151 2350 269 2416 pararit,
310 2345 365 2396 Sed
381 2361 463 2412 quum
480 2345 646 2396 obstinatius
657 2348 750 2398 omnia
762 2347 808 2413 agi
817 2346 892 2397 vide'·

98 2429 146 2487 ret,
159 2430 186 2474 et
196 2424 358 2488 designatos
370 2421 453 2472 etiam
466 2421 591 2471 consules
604 2437 618 2472 c
629 2427 706 2488 parte
717 2422 838 2484 diversa,
851 2435 892 2471 sc-

97 2504 191 2549 natum
204 2499 292 2548 literis
304 2495 466 2563 deprecatus
478 2501 530 2558 est,
551 2509 584 2546 ne
599 2496 654 2546 sibi
667 2497 828 2546 beneficium
843 2509 892 2560 po-

98 2573 157 2640 puli
177 2572 357 2634 adimeretur,
379 2561 429 2620 aaut
441 2576 473 2619 ut
491 2571 575 2620 ceteri
589 2585 697 2636 quoque
711 2570 893 2634 imperatores

99 2649 131 2698 ab
143 2647 312 2699 exercitibus
324 2645 506 2695 discederent:
528 2645 656 2705 confisus,
667 2647 699 2692 ut
708 2647 813 2707 putant,
825 2640 893 2690 faci·

97 2723 150 2776 lius
161 2739 203 2786 se,
226 2719 392 2786 siurulatquc
407 2719 546 2781 libuisset,
568 2722 712 2768 veteranos
729 2721 893 2766 convocatu-

96 2813 171 2863 rum,
194 2811 276 2864 quam
293 2794 454 2860 Pompeium
469 2807 556 2843 novos
571 2791 680 2842 milites.
721 2789 787 2839 Curn
800 2790 893 2840 adver-
