2026 3020
258 289 516 345 occurramus.
554 296 630 345 ene.
651 299 765 358 11-15.
877 291 911 352 dl

107 423 209 474 caesis.
249 422 312 474 Hae
321 423 465 487 nunciata,
487 423 618 474 excubias
632 440 681 493 per
690 425 790 476 Urbem
800 427 910 491 indixit,

105 513 141 550 ne
157 498 222 568 quis
236 498 370 549 tumultus
385 499 543 562 exsisteret,
565 505 593 550 et
610 499 785 567 praesidibus
800 501 910 568 provin-

105 575 214 624 ciarum
225 573 392 641 propagavit
401 573 555 642 imperium,
567 580 598 624 ut
608 581 636 626 et
646 589 662 624 a
672 575 769 642 peritis
780 581 808 625 et
818 590 910 626 assue-

103 649 142 698 tis
153 649 228 701 socii
239 649 453 699 continerentur.
491 647 579 700 Vovit
593 655 620 700 et
629 665 745 716 magnos
758 649 839 700 ludos
849 649 909 701 lovi

105 722 220 794 Optimo
231 721 370 774 Maximo:
392 722 416 773 si
424 723 609 790 rempublicam
622 723 651 776 in
665 724 795 776 meliorem
811 734 909 776 statam

104 797 241 848 vertisset:
266 798 342 866 quod
360 797 464 849 factum
482 799 619 850 Cimbrico
635 798 814 869 Marsicoque
834 799 907 851 bello

104 879 174 924 erat.
214 872 290 924 Adeo
311 887 430 941 namque
451 880 655 925 constematum
680 875 784 939 fenrnt,
809 882 840 926 ut
858 891 908 944 per

105 949 256 998 continuos
266 963 382 1012 menses,
394 949 483 999 barba
494 949 651 1017 capilloque
663 951 818 1014 summisso,
826 955 909 1018 caput

103 1023 244 1074 interdurn
254 1021 363 1073 foribus
372 1023 506 1088 illideret,
517 1023 687 1074 vociferans:
711 1021 840 1086 Quinctili
855 1023 907 1075 Va·
995 1014 1001 1026 ’

103 1114 145 1160 re,
168 1097 285 1166 legana
299 1098 377 1148 redde
382 1115 394 1160 ;
419 1099 547 1166 diemque
563 1097 650 1149 cladis
665 1099 814 1168 quotannis
833 1115 907 1150 moe-

104 1171 533 1240 11111111111111111101118111111111.ι
743 1169 744 1172 ’

161 1247 266 1299 XXIV.
285 1249 316 1298 In
331 1265 361 1300 re
375 1249 492 1316 militari
506 1255 533 1300 ct
544 1251 723 1300 commutavit
732 1249 820 1300 multa
830 1255 857 1300 ct
866 1249 907 1299 in-

105 1323 212 1384 stituit3
243 1328 326 1392 atque
340 1325 423 1374 etiam
440 1324 476 1374 ad
491 1325 634 1394 antiquum
650 1341 754 1376 morem
767 1325 908 1375 ¹nonnulla

106 1398 259 1450 revocavit,
290 1397 475 1466 Disciplinam
486 1401 658 1451 severissime
669 1401 749 1452 rexit.
781 1400 822 1451 Nc
832 1400 906 1468 lega-

105 1483 198 1526 torum
218 1472 329 1541 quidem
349 1475 489 1543 cuiquam,
510 1475 565 1525 nisi
584 1482 710 1542 gravate,
731 1474 907 1543 hibernisque
964 1468 966 1473 ’

106 1550 217 1599 demum
228 1549 509 1617 mensibus,permisit
517 1566 631 1601 uxorem
643 1551 813 1601 intervisere.
824 1549 908 1617 Equi-

105 1631 160 1674 tem
177 1623 344 1688 Romanum,
366 1625 441 1692 quod
462 1623 570 1676 duobus
590 1625 656 1675 filiis
676 1622 908 1687 adolescentibus,

106 1713 192 1749 causa
208 1697 379 1750 detrectandi
394 1701 572 1763 sacramenti,
593 1699 709 1768 pollices
729 1705 907 1767 amputasset,

104 1775 195 1842 ipsum
207 1774 337 1842 bonaque
352 1775 470 1825 subiecit
483 1773 594 1825 hastae:
616 1791 696 1843 quem
706 1782 810 1838 tamen,
833 1773 909 1844 quod

104 1849 249 1900 imminere
265 1850 398 1916 emptioni
416 1851 581 1916 publicanos
595 1851 718 1913 videbat,
740 1849 840 1900 liberto
856 1864 907 1898 suo

106 1923 265 1986 addixit,ut
274 1923 425 1990 relegatum
437 1924 466 1972 in
477 1939 560 1990 agros
570 1924 620 1990 pro
632 1923 720 1974 libero
732 1939 791 1973 esse
797 1925 907 1973 sineret.

106 1998 252 2049 Decimam
263 1997 399 2065 legionem
412 1999 747 2065 contumaciusparentcm
760 2013 819 2046 cum
830 1998 908 2062 igno-

9 2103 11 2108 ·
105 2073 194 2124 minio
204 2077 294 2124 totam
306 2073 423 2124 dimisit:
443 2075 510 2124 item
522 2073 606 2134 alias,
627 2072 790 2122 immodeste
800 2071 909 2121 missio-

105 2165 166 2199 nem
178 2148 366 2217 postulantes,
388 2149 458 2200 citra
472 2148 619 2200 commoda
629 2148 804 2199 emeritorum
817 2145 908 2216 [prae-

107 2223 241 2292 miorum]
255 2227 454 2275 exauctoravit.
490 2224 633 2288 Cohortes,
645 2224 670 2274 si
682 2239 751 2292 quae
764 2224 910 2275 cessissent

107 2298 180 2362 loeo,
193 2299 346 2349 decimatas
356 2296 461 2350 hordeo
474 2301 558 2368 pavit.
598 2300 778 2350 Centruiones
789 2299 909 2348 statione

108 2375 231 2438 deserta,
247 2373 343 2424 itidem
357 2379 388 2424 ut
398 2375 596 2442 manipulares,
614 2375 728 2442 capitali
739 2371 909 2423 animadver-

108 2451 187 2500 sione
208 2449 312 2516 puniit3
336 2465 387 2516 pro
410 2456 500 2500 cetero
518 2445 684 2501 delictorum
707 2462 805 2514 genere
824 2445 911 2495 variis

107 2524 272 2591 ignominiis
288 2523 393 2574 affecit:
416 2529 449 2573 ut
463 2515 535 2576 stare
550 2541 599 2592 per
613 2528 702 2574 totum
718 2523 789 2572 diem
804 2521 911 2569 iuberet

109 2605 175 2650 ante
187 2600 372 2667 praetorium
392 2598 530 2649 interdum
545 2599 686 2648 tunicatos
697 2596 912 2661 discinctosque,

108 2689 309 2742 nonnunquam
330 2690 390 2724 cum
412 2673 598 2741 decempedis,
619 2671 662 2721 vel
684 2671 766 2720 etiarn
783 2669 913 2737 cespitem

108 2755 264 2822 portantes.

164 2821 257 2880 XXV.
277 2822 373 2896 Neque
384 2821 532 2896 postbella
544 2821 652 2890 civilia,
674 2825 722 2871 aut
736 2821 765 2872 in
781 2819 913 2872 conam·
