2050 3034
261 234 464 289 caurauni.
504 238 716 290 cur.51-al.
834 239 885 296 189

83 370 217 418 ornatum
231 366 315 418 etiam
330 373 392 420 ante
407 365 611 434 expeditionem
626 367 736 419 assidue
753 369 883 434 gestavit3

80 440 224 493 interdum
235 441 369 509 etMagni
378 443 528 494 Alexandri
537 441 691 504 thoracem,
712 443 884 510 repetitume

81 517 245 568 conditorio
256 517 324 568 eius.

137 590 213 641 Llll.
234 591 276 642 Ex
291 592 446 659 disciplinis
459 593 621 646 liberalibus
635 594 777 646 minimum
792 593 881 646 erudi·

78 666 168 730 tioni,
189 666 363 734 eloquentiae
382 669 531 734 plurimum
551 670 679 734 attendit,
707 669 881 739 quantumvis

78 741 220 792 facundus
231 748 258 792 et
267 749 423 810 promptus,
442 746 538 812 utique
553 745 578 795 si
592 745 776 812 perorandum
790 746 819 795 in
830 745 880 796 ali·

79 823 164 884 quem
179 822 259 869 esset.
298 817 372 869 lrato
389 825 416 869 et
434 820 519 872 verba
538 825 566 872 et
585 822 734 873 sententiae
754 827 885 888 suppeto,

78 891 162 954 bant3
182 893 378 959 pronunciatio
394 910 503 964 quoque
518 901 545 946 et
557 911 624 960 vox,
644 901 772 963 uiaeque
783 897 878 948 eodem

77 965 138 1017 loci
147 982 217 1034 prae
227 968 326 1019 ardore
338 969 512 1034 consisteret,
527 977 555 1021 et
569 971 745 1020 exaudiretur
755 986 772 1020 a
782 972 880 1036 procul

79 1042 229 1093 stantibus.
268 1041 464 1108 Peroraturus,
486 1044 640 1096 sumturum
654 1060 681 1095 se
690 1043 878 1096 decubationis

78 1131 144 1168 suae
155 1118 243 1180 telum,
255 1118 425 1181 minabatur3
440 1119 529 1171 lenius
540 1120 729 1188 comptiusque
740 1119 879 1170 scribendi

78 1205 168 1258 genus
183 1191 253 1244 adeo
270 1199 457 1259 contemnens,
476 1202 509 1246 ut
523 1195 665 1258 Senecam,
685 1201 744 1244 tum
758 1194 877 1246 maxime

78 1266 249 1333 placentem,
261 1267 452 1321 commissiones
462 1285 548 1322 meras
559 1285 722 1337 componere
733 1275 760 1320 et
769 1284 878 1320 arenam

79 1356 137 1392 esse
147 1340 203 1392 εἰπε
214 1343 284 1394 coles
294 1343 407 1395 diceret.
446 1345 561 1397 Solebat
570 1346 653 1396 etiam
663 1345 803 1411 prosperis
815 1359 876 1396 ora-

77 1422 175 1468 torum
186 1417 342 1469 actionibus
352 1419 516 1484 rescribere,
532 1426 559 1472 et
569 1434 730 1487 magnorum
740 1420 769 1470 in
780 1426 877 1472 senata

78 1506 196 1543 reorum
215 1494 405 1544 accusationes
426 1493 653 1561 defensionesque
673 1494 814 1557 meditari;
835 1511 876 1558 ac,

71 1571 169 1634 -prout
177 1567 256 1618 stilus
267 1574 394 1632 cesserat,
399 1569 444 1620 vel
454 1585 568 1621 onerare
579 1570 714 1622 sententia
725 1584 775 1619 sua
786 1584 877 1635 quem-

78 1657 149 1708 que,
170 1641 214 1693 vel
227 1641 383 1707 sublevare,
404 1645 524 1712 equestri
538 1660 647 1712 quoque
662 1643 758 1695 ordine
774 1643 810 1694 ad
830 1658 877 1694 au·

78 1715 212 1768 diendum
223 1718 340 1769 invitato
350 1734 400 1785 per
410 1719 509 1770 edicta.

137 1789 211 1841 LIV.
232 1791 287 1844 Sed
302 1797 329 1843 et
343 1792 461 1844 aliorum
476 1807 604 1860 generum
620 1799 692 1844 artes
707 1794 877 1845 studiosissi-

79 1872 164 1918 meet
175 1867 377 1919 diversissimas
387 1867 518 1919 exercuit.
539 1866 633 1918 Thrax
644 1874 671 1919 et
681 1869 792 1933 auriga,
803 1868 876 1918 idem

79 1949 180 1993 cantor
195 1947 277 2009 atque
292 1942 421 2006 saltator;
444 1942 577 1994 batuebat
590 1942 763 2008 pugnatoriis
784 1941 877 2005 arnus,

79 2017 232 2084 aurigabat
245 2023 383 2069 exstructo
403 2016 577 2084 plurifariam
593 2017 687 2078 Circo;
709 2014 825 2066 canendi
845 2029 878 2065 ac

79 2090 204 2144 saltandi
213 2091 355 2159 voluptate
364 2093 406 2143 ita
416 2092 594 2156 efferebatur,
603 2097 636 2142 ut
645 2106 678 2142 ne
689 2089 808 2158 publicis
818 2091 877 2158 qui-
972 2151 977 2158 „

80 2165 143 2219 dem
154 2167 319 2236 spectandis
329 2173 505 2234 temperaret,
526 2183 581 2236 quo
596 2168 686 2218 minus
700 2171 728 2217 et
741 2166 876 2232 tragoedo

80 2243 279 2309 pronunciasti
290 2243 458 2306 commueret,
479 2250 508 2294 et
520 2249 625 2310 gestum
640 2241 783 2293 histrionis
799 2241 879 2308 quasi

80 2317 200 2369 laudans
214 2317 259 2368 vel
274 2317 414 2384 corrigens
429 2317 520 2383 palam
536 2319 688 2385 effingerett
708 2332 758 2368 nec
773 2316 829 2367 alia
844 2315 877 2366 de

81 2406 168 2444 caasa
177 2391 318 2444 videretur
329 2408 362 2443 eo
374 2392 431 2455 die,
448 2407 502 2459 quo
513 2393 607 2458 periit,
623 2392 797 2459 pervigilium
807 2388 878 2441 indi-

80 2467 169 2532 xisse,
191 2483 273 2536 qaam
283 2473 315 2518 ut
324 2467 433 2518 initium
442 2467 472 2517 iu
484 2481 592 2518 scenam
602 2465 757 2535 prodeundi
766 2463 878 2514 lieentia

78 2543 213 2609 temporis
225 2543 423 2608 auspicaretur.
443 2540 571 2593 saltabat
581 2547 671 2592 autem
681 2552 877 2604 nonnunquam

79 2617 162 2670 etiam
178 2623 276 2670 noctu:
301 2622 329 2668 et
347 2615 485 2684 quondam
503 2622 559 2667 tres
579 2615 738 2667 consulares
757 2611 878 2662 secunda

78 2691 178 2762 vigilia
186 2693 218 2744 in
226 2689 365 2746 Palatium
377 2691 494 2756 accitos,
506 2691 646 2756 multaque
656 2695 683 2740 et
693 2693 814 2740 extremm
823 2701 878 2738 me·

78 2774 201 2838 tuentes,
222 2783 305 2838 super
314 2767 450 2840 pulpitum
462 2764 623 2831 collocavit;
644 2762 742 2818 deinde
757 2767 875 2832 repente,
