<?xml version="1.0" encoding="UTF-8"?>
<!DOCTYPE html PUBLIC "-//W3C//DTD XHTML 1.0 Transitional//EN"
    "http://www.w3.org/TR/xhtml1/DTD/xhtml1-transitional.dtd">
<html xmlns="http://www.w3.org/1999/xhtml" xml:lang="en" lang="en">
 <head>
  <title>
</title>
<meta http-equiv="Content-Type" content="text/html;charset=utf-8" />
  <meta name='ocr-system' content='tesseract 3.04.00' />
  <meta name='ocr-capabilities' content='ocr_page ocr_carea ocr_par ocr_line ocrx_word'/>
</head>
<body>
  <div class='ocr_page' id='page_1' title='image "./csuetoniitranqu05suetgoog_0018.png"; bbox 0 0 2026 3020; ppageno 0'>
   <div class='ocr_carea' id='block_1_1' title="bbox 137 212 754 268">
    <p class='ocr_par' dir='ltr' id='par_1_1' title="bbox 137 212 754 268">
     <span class='ocr_line' id='line_1_1' title="bbox 137 212 754 268; baseline -0.01 0"><span class='ocrx_word' id='word_1_1' title='bbox 137 212 153 268; x_wconf 80' lang='grc'><strong>6</strong></span> <span class='ocrx_word' id='word_1_2' title='bbox 411 218 438 265; x_wconf 78' lang='lat' dir='ltr'><strong>C.</strong></span> <span class='ocrx_word' id='word_1_3' title='bbox 466 215 656 266; x_wconf 81' lang='lat' dir='ltr'>SUETONH</span> <span class='ocrx_word' id='word_1_4' title='bbox 751 247 754 255; x_wconf 83' lang='lat'>·</span> 
     </span>
    </p>
   </div>
   <div class='ocr_carea' id='block_1_2' title="bbox 133 337 934 1086">
    <p class='ocr_par' dir='ltr' id='par_1_2' title="bbox 135 337 934 470">
     <span class='ocr_line' id='line_1_2' title="bbox 137 337 934 413; baseline 0.003 -21"><span class='ocrx_word' id='word_1_5' title='bbox 137 343 170 394; x_wconf 88' lang='lat' dir='ltr'><strong>de</strong></span> <span class='ocrx_word' id='word_1_6' title='bbox 181 357 294 394; x_wconf 89' lang='lat' dir='ltr'><strong>numero</strong></span> <span class='ocrx_word' id='word_1_7' title='bbox 311 341 511 410; x_wconf 82' lang='lat' dir='ltr'>gladiatorum,</span> <span class='ocrx_word' id='word_1_8' title='bbox 532 357 587 411; x_wconf 87' lang='lat' dir='ltr'><strong>quo</strong></span> <span class='ocrx_word' id='word_1_9' title='bbox 602 357 637 394; x_wconf 90' lang='lat' dir='ltr'><strong>ne</strong></span> <span class='ocrx_word' id='word_1_10' title='bbox 653 340 786 394; x_wconf 86' lang='lat' dir='ltr'><strong>maiorem</strong></span> <span class='ocrx_word' id='word_1_11' title='bbox 803 337 934 413; x_wconf 81' lang='lat' dir='ltr'><strong>cuiquam</strong></span> 
     </span>
     <span class='ocr_line' id='line_1_3' title="bbox 135 415 466 470; baseline 0 -2"><span class='ocrx_word' id='word_1_12' title='bbox 135 415 236 470; x_wconf 87' lang='lat' dir='ltr'><strong>habere</strong></span> <span class='ocrx_word' id='word_1_13' title='bbox 247 417 352 468; x_wconf 88' lang='lat' dir='ltr'><strong>Romae</strong></span> <span class='ocrx_word' id='word_1_14' title='bbox 362 417 466 470; x_wconf 89' lang='lat' dir='ltr'><strong>liceret.</strong></span> 
     </span>
    </p>

    <p class='ocr_par' dir='ltr' id='par_1_3' title="bbox 133 491 934 1086">
     <span class='ocr_line' id='line_1_4' title="bbox 190 491 934 562; baseline 0 -18"><span class='ocrx_word' id='word_1_15' title='bbox 190 491 239 544; x_wconf 89' lang='lat' dir='ltr'><strong>Xl.</strong></span> <span class='ocrx_word' id='word_1_16' title='bbox 261 493 416 545; x_wconf 82' lang='lat' dir='ltr'><strong>Conciliato</strong></span> <span class='ocrx_word' id='word_1_17' title='bbox 429 493 527 562; x_wconf 89' lang='lat' dir='ltr'><strong>populi</strong></span> <span class='ocrx_word' id='word_1_18' title='bbox 541 491 651 557; x_wconf 87' lang='lat' dir='ltr'><strong>lavore,</strong></span> <span class='ocrx_word' id='word_1_19' title='bbox 672 493 789 544; x_wconf 88' lang='lat' dir='ltr'><strong>tentavit</strong></span> <span class='ocrx_word' id='word_1_20' title='bbox 804 508 852 560; x_wconf 89' lang='lat' dir='ltr'><strong>per</strong></span> <span class='ocrx_word' id='word_1_21' title='bbox 867 508 934 560; x_wconf 86' lang='lat' dir='ltr'><strong>par-</strong></span> 
     </span>
     <span class='ocr_line' id='line_1_5' title="bbox 133 566 934 635; baseline 0.004 -17"><span class='ocrx_word' id='word_1_22' title='bbox 133 575 188 620; x_wconf 91' lang='lat' dir='ltr'><strong>tem</strong></span> <span class='ocrx_word' id='word_1_23' title='bbox 203 569 390 632; x_wconf 88' lang='lat' dir='ltr'><strong>tribunorum,</strong></span> <span class='ocrx_word' id='word_1_24' title='bbox 406 575 437 618; x_wconf 90' lang='lat' dir='ltr'><strong>ut</strong></span> <span class='ocrx_word' id='word_1_25' title='bbox 452 568 508 619; x_wconf 87' lang='lat' dir='ltr'><strong>sibi</strong></span> <span class='ocrx_word' id='word_1_26' title='bbox 521 567 663 635; x_wconf 80' lang='lat' dir='ltr'><strong>Aegyptus</strong></span> <span class='ocrx_word' id='word_1_27' title='bbox 680 567 824 635; x_wconf 88' lang='lat' dir='ltr'><strong>provincia</strong></span> <span class='ocrx_word' id='word_1_28' title='bbox 843 566 934 635; x_wconf 88' lang='lat' dir='ltr'><strong>plebi·</strong></span> 
     </span>
     <span class='ocr_line' id='line_1_6' title="bbox 133 642 933 712; baseline 0.001 -19"><span class='ocrx_word' id='word_1_29' title='bbox 133 645 203 705; x_wconf 82' lang='lat' dir='ltr'><strong>scito</strong></span> <span class='ocrx_word' id='word_1_30' title='bbox 216 642 340 709; x_wconf 87' lang='lat' dir='ltr'><strong>daretur,</strong></span> <span class='ocrx_word' id='word_1_31' title='bbox 351 649 449 694; x_wconf 87' lang='lat' dir='ltr'><strong>nactus</strong></span> <span class='ocrx_word' id='word_1_32' title='bbox 459 643 675 696; x_wconf 82' lang='lat' dir='ltr'><strong>extraordinarii</strong></span> <span class='ocrx_word' id='word_1_33' title='bbox 684 643 794 712; x_wconf 90' lang='lat' dir='ltr'><strong>imperii</strong></span> <span class='ocrx_word' id='word_1_34' title='bbox 805 644 933 695; x_wconf 88' lang='lat' dir='ltr'><strong>occasio-</strong></span> 
     </span>
     <span class='ocr_line' id='line_1_7' title="bbox 133 717 932 786; baseline 0.004 -18"><span class='ocrx_word' id='word_1_35' title='bbox 133 734 208 782; x_wconf 89' lang='lat' dir='ltr'><strong>nem,</strong></span> <span class='ocrx_word' id='word_1_36' title='bbox 231 718 305 786; x_wconf 92' lang='lat' dir='ltr'><strong>quod</strong></span> <span class='ocrx_word' id='word_1_37' title='bbox 315 717 496 770; x_wconf 75' lang='lat' dir='ltr'><strong>Alexandrini</strong></span> <span class='ocrx_word' id='word_1_38' title='bbox 510 733 602 786; x_wconf 86' lang='lat' dir='ltr'><strong>regem</strong></span> <span class='ocrx_word' id='word_1_39' title='bbox 613 735 706 783; x_wconf 84' lang='lat' dir='ltr'><strong>auum,</strong></span> <span class='ocrx_word' id='word_1_40' title='bbox 728 719 834 772; x_wconf 88' lang='lat' dir='ltr'><strong>socium</strong></span> <span class='ocrx_word' id='word_1_41' title='bbox 846 725 932 786; x_wconf 87' lang='lat' dir='ltr'><strong>atque</strong></span> 
     </span>
     <span class='ocr_line' id='line_1_8' title="bbox 134 793 932 862; baseline 0.005 -20"><span class='ocrx_word' id='word_1_42' title='bbox 134 793 252 843; x_wconf 89' lang='lat' dir='ltr'><strong>amicum</strong></span> <span class='ocrx_word' id='word_1_43' title='bbox 274 809 291 842; x_wconf 91' lang='lat' dir='ltr'><strong>a</strong></span> <span class='ocrx_word' id='word_1_44' title='bbox 312 800 410 844; x_wconf 89' lang='lat' dir='ltr'><strong>senatu</strong></span> <span class='ocrx_word' id='word_1_45' title='bbox 431 793 612 862; x_wconf 86' lang='lat' dir='ltr'><strong>appellatum,</strong></span> <span class='ocrx_word' id='word_1_46' title='bbox 635 794 809 861; x_wconf 81' lang='lat' dir='ltr'><strong>expulerant,</strong></span> <span class='ocrx_word' id='word_1_47' title='bbox 830 809 932 861; x_wconf 86' lang='lat' dir='ltr'><strong>resque</strong></span> 
     </span>
     <span class='ocr_line' id='line_1_9' title="bbox 135 865 931 944; baseline 0.003 -26"><span class='ocrx_word' id='word_1_48' title='bbox 135 865 246 938; x_wconf 88' lang='lat' dir='ltr'><strong>[vulgo]</strong></span> <span class='ocrx_word' id='word_1_49' title='bbox 268 869 487 936; x_wconf 83' lang='lat' dir='ltr'><strong>improbabatur.</strong></span> <span class='ocrx_word' id='word_1_50' title='bbox 526 867 597 944; x_wconf 53' lang='lat' dir='ltr'><strong>Nec,</strong></span> <span class='ocrx_word' id='word_1_51' title='bbox 605 869 738 934; x_wconf 87' lang='lat' dir='ltr'><strong>obtinuit,</strong></span> <span class='ocrx_word' id='word_1_52' title='bbox 767 870 931 920; x_wconf 87' lang='lat' dir='ltr'><strong>adversante</strong></span> 
     </span>
     <span class='ocr_line' id='line_1_10' title="bbox 134 943 931 1016; baseline 0.003 -24"><span class='ocrx_word' id='word_1_53' title='bbox 134 943 308 1010; x_wconf 89' lang='lat' dir='ltr'><strong>optimatium</strong></span> <span class='ocrx_word' id='word_1_54' title='bbox 320 943 457 1007; x_wconf 79' lang='lat' dir='ltr'><strong>factione3</strong></span> <span class='ocrx_word' id='word_1_55' title='bbox 474 951 590 1012; x_wconf 89' lang='lat' dir='ltr'><strong>quorum</strong></span> <span class='ocrx_word' id='word_1_56' title='bbox 602 945 796 1015; x_wconf 82' lang='lat' dir='ltr'><strong>auctoritatem</strong></span> <span class='ocrx_word' id='word_1_57' title='bbox 806 949 850 1016; x_wconf 85' lang='lat' dir='ltr'><strong>ut,</strong></span> <span class='ocrx_word' id='word_1_58' title='bbox 867 945 931 1010; x_wconf 89' lang='lat' dir='ltr'><strong>qui·</strong></span> 
     </span>
     <span class='ocr_line' id='line_1_11' title="bbox 133 1018 930 1086; baseline 0.003 -18"><span class='ocrx_word' id='word_1_59' title='bbox 133 1018 184 1069; x_wconf 91' lang='lat' dir='ltr'><strong>bns</strong></span> <span class='ocrx_word' id='word_1_60' title='bbox 195 1025 289 1086; x_wconf 87' lang='lat' dir='ltr'><strong>posset</strong></span> <span class='ocrx_word' id='word_1_61' title='bbox 303 1019 410 1084; x_wconf 83' lang='lat' dir='ltr'><strong>modis,</strong></span> <span class='ocrx_word' id='word_1_62' title='bbox 430 1021 548 1080; x_wconf 75' lang='lat' dir='ltr'><strong>invicem</strong></span> <span class='ocrx_word' id='word_1_63' title='bbox 565 1019 747 1084; x_wconf 85' lang='lat' dir='ltr'><strong>deminueret,</strong></span> <span class='ocrx_word' id='word_1_64' title='bbox 767 1025 885 1086; x_wconf 88' lang='lat' dir='ltr'><strong>tropaea</strong></span> <span class='ocrx_word' id='word_1_65' title='bbox 897 1019 930 1070; x_wconf 88' lang='lat' dir='ltr'><strong>C.</strong></span> 
     </span>
    </p>
   </div>
   <div class='ocr_carea' id='block_1_3' title="bbox 132 1093 1002 1162">
    <p class='ocr_par' dir='ltr' id='par_1_4' title="bbox 132 1093 1002 1162">
     <span class='ocr_line' id='line_1_12' title="bbox 132 1093 1002 1162; baseline 0.006 -19"><span class='ocrx_word' id='word_1_66' title='bbox 132 1093 218 1144; x_wconf 89' lang='lat' dir='ltr'><strong>Marii</strong></span> <span class='ocrx_word' id='word_1_67' title='bbox 238 1093 271 1145; x_wconf 90' lang='lat' dir='ltr'><strong>de</strong></span> <span class='ocrx_word' id='word_1_68' title='bbox 287 1093 420 1162; x_wconf 80' lang='lat' dir='ltr'><strong>Iugurtha</strong></span> <span class='ocrx_word' id='word_1_69' title='bbox 440 1095 527 1162; x_wconf 89' lang='lat' dir='ltr'><strong>deque</strong></span> <span class='ocrx_word' id='word_1_70' title='bbox 544 1094 662 1146; x_wconf 84' lang='lat' dir='ltr'>Cimbris</span> <span class='ocrx_word' id='word_1_71' title='bbox 683 1101 765 1161; x_wconf 88' lang='lat' dir='ltr'><strong>atque</strong></span> <span class='ocrx_word' id='word_1_72' title='bbox 780 1095 930 1158; x_wconf 66' lang='lat' dir='ltr'><strong>›¹1¹eutonis,</strong></span> <span class='ocrx_word' id='word_1_73' title='bbox 1001 1117 1002 1148; x_wconf 64' lang='lat' dir='ltr'><strong>r</strong></span> 
     </span>
    </p>
   </div>
   <div class='ocr_carea' id='block_1_4' title="bbox 128 1166 931 2816">
    <p class='ocr_par' dir='ltr' id='par_1_5' title="bbox 130 1166 931 1536">
     <span class='ocr_line' id='line_1_13' title="bbox 133 1166 930 1236; baseline 0.004 -19"><span class='ocrx_word' id='word_1_74' title='bbox 133 1169 199 1218; x_wconf 91' lang='lat' dir='ltr'><strong>olim</strong></span> <span class='ocrx_word' id='word_1_75' title='bbox 211 1184 227 1218; x_wconf 91' lang='lat' dir='ltr'><strong>a</strong></span> <span class='ocrx_word' id='word_1_76' title='bbox 239 1166 316 1218; x_wconf 86' lang='lat' dir='ltr'><strong>Sulla</strong></span> <span class='ocrx_word' id='word_1_77' title='bbox 332 1169 461 1232; x_wconf 87' lang='lat' dir='ltr'><strong>disiecta,</strong></span> <span class='ocrx_word' id='word_1_78' title='bbox 478 1170 613 1230; x_wconf 82' lang='lat' dir='ltr'><strong>restituit3</strong></span> <span class='ocrx_word' id='word_1_79' title='bbox 634 1175 715 1236; x_wconf 89' lang='lat' dir='ltr'><strong>atque</strong></span> <span class='ocrx_word' id='word_1_80' title='bbox 730 1169 759 1219; x_wconf 92' lang='lat' dir='ltr'><strong>iu</strong></span> <span class='ocrx_word' id='word_1_81' title='bbox 775 1168 930 1220; x_wconf 83' lang='lat' dir='ltr'><strong>exercenda</strong></span> 
     </span>
     <span class='ocr_line' id='line_1_14' title="bbox 132 1243 928 1310; baseline 0.005 -18"><span class='ocrx_word' id='word_1_82' title='bbox 132 1243 165 1293; x_wconf 89' lang='lat' dir='ltr'><strong>de</strong></span> <span class='ocrx_word' id='word_1_83' title='bbox 176 1243 286 1292; x_wconf 86' lang='lat' dir='ltr'><strong>sicariis</strong></span> <span class='ocrx_word' id='word_1_84' title='bbox 298 1243 459 1309; x_wconf 82' lang='lat' dir='ltr'><strong>quaestione</strong></span> <span class='ocrx_word' id='word_1_85' title='bbox 475 1259 523 1294; x_wconf 90' lang='lat' dir='ltr'><strong>eos</strong></span> <span class='ocrx_word' id='word_1_86' title='bbox 540 1258 648 1310; x_wconf 92' lang='lat' dir='ltr'><strong>quoque</strong></span> <span class='ocrx_word' id='word_1_87' title='bbox 659 1243 823 1295; x_wconf 87' lang='lat' dir='ltr'><strong>sicariorum</strong></span> <span class='ocrx_word' id='word_1_88' title='bbox 833 1259 928 1296; x_wconf 79' lang='lat' dir='ltr'><strong>urame-</strong></span> 
     </span>
     <span class='ocr_line' id='line_1_15' title="bbox 130 1315 928 1386; baseline 0.001 -17"><span class='ocrx_word' id='word_1_89' title='bbox 130 1333 162 1369; x_wconf 89' lang='lat' dir='ltr'><strong>ro</strong></span> <span class='ocrx_word' id='word_1_90' title='bbox 174 1315 279 1380; x_wconf 88' lang='lat' dir='ltr'><strong>habuit,</strong></span> <span class='ocrx_word' id='word_1_91' title='bbox 292 1318 340 1383; x_wconf 91' lang='lat' dir='ltr'><strong>qui</strong></span> <span class='ocrx_word' id='word_1_92' title='bbox 349 1317 552 1386; x_wconf 87' lang='lat' dir='ltr'><strong>proscriptione</strong></span> <span class='ocrx_word' id='word_1_93' title='bbox 569 1317 604 1369; x_wconf 94' lang='lat' dir='ltr'><strong>ob</strong></span> <span class='ocrx_word' id='word_1_94' title='bbox 615 1317 704 1368; x_wconf 89' lang='lat' dir='ltr'><strong>relata</strong></span> <span class='ocrx_word' id='word_1_95' title='bbox 715 1316 814 1370; x_wconf 89' lang='lat' dir='ltr'><strong>civium</strong></span> <span class='ocrx_word' id='word_1_96' title='bbox 825 1317 928 1370; x_wconf 87' lang='lat' dir='ltr'><strong>Roma-</strong></span> 
     </span>
     <span class='ocr_line' id='line_1_16' title="bbox 130 1387 931 1462; baseline 0.002 -19"><span class='ocrx_word' id='word_1_97' title='bbox 130 1408 230 1443; x_wconf 89' lang='lat' dir='ltr'><strong>norum</strong></span> <span class='ocrx_word' id='word_1_98' title='bbox 241 1392 334 1458; x_wconf 87' lang='lat' dir='ltr'><strong>capita</strong></span> <span class='ocrx_word' id='word_1_99' title='bbox 345 1393 475 1459; x_wconf 83' lang='lat' dir='ltr'><strong>pecunias</strong></span> <span class='ocrx_word' id='word_1_100' title='bbox 487 1407 520 1444; x_wconf 87' lang='lat' dir='ltr'><strong>ex</strong></span> <span class='ocrx_word' id='word_1_101' title='bbox 532 1393 640 1444; x_wconf 85' lang='lat' dir='ltr'><strong>aerario</strong></span> <span class='ocrx_word' id='word_1_102' title='bbox 653 1398 828 1460; x_wconf 85' lang='lat' dir='ltr'><strong>acceperant,</strong></span> <span class='ocrx_word' id='word_1_103' title='bbox 841 1387 931 1462; x_wconf 59' lang='lat' dir='ltr'><strong>quan?</strong></span> 
     </span>
     <span class='ocr_line' id='line_1_17' title="bbox 132 1467 719 1536; baseline 0.002 -19"><span class='ocrx_word' id='word_1_104' title='bbox 132 1483 214 1536; x_wconf 89' lang='lat' dir='ltr'><strong>quam</strong></span> <span class='ocrx_word' id='word_1_105' title='bbox 226 1473 355 1534; x_wconf 82' lang='lat' dir='ltr'><strong>exceptos</strong></span> <span class='ocrx_word' id='word_1_106' title='bbox 367 1467 502 1519; x_wconf 86' lang='lat' dir='ltr'><strong>Corneliis</strong></span> <span class='ocrx_word' id='word_1_107' title='bbox 514 1467 630 1536; x_wconf 88' lang='lat' dir='ltr'><strong>legibus.</strong></span> <span class='ocrx_word' id='word_1_108' title='bbox 715 1519 719 1526; x_wconf 79' lang='grc'><strong>,</strong></span> 
     </span>
    </p>

    <p class='ocr_par' dir='ltr' id='par_1_6' title="bbox 129 1541 930 1986">
     <span class='ocr_line' id='line_1_18' title="bbox 186 1541 928 1611; baseline 0.001 -18"><span class='ocrx_word' id='word_1_109' title='bbox 186 1541 247 1593; x_wconf 89' lang='lat' dir='ltr'><strong>Xll.</strong></span> <span class='ocrx_word' id='word_1_110' title='bbox 269 1541 438 1594; x_wconf 84' lang='lat' dir='ltr'><strong>Subornavit</strong></span> <span class='ocrx_word' id='word_1_111' title='bbox 453 1543 550 1606; x_wconf 89' lang='lat' dir='ltr'><strong>etiam,</strong></span> <span class='ocrx_word' id='word_1_112' title='bbox 568 1543 616 1610; x_wconf 90' lang='lat' dir='ltr'><strong>qui</strong></span> <span class='ocrx_word' id='word_1_113' title='bbox 628 1543 657 1593; x_wconf 85' lang='lat' dir='ltr'><strong>C.</strong></span> <span class='ocrx_word' id='word_1_114' title='bbox 668 1541 784 1595; x_wconf 83' lang='lat' dir='ltr'><strong>Rabirio</strong></span> <span class='ocrx_word' id='word_1_115' title='bbox 801 1543 928 1611; x_wconf 90' lang='lat' dir='ltr'><strong>perduel-</strong></span> 
     </span>
     <span class='ocr_line' id='line_1_19' title="bbox 129 1616 930 1686; baseline 0.001 -17"><span class='ocrx_word' id='word_1_116' title='bbox 129 1617 214 1670; x_wconf 84' lang='lat' dir='ltr'><strong>lionis</strong></span> <span class='ocrx_word' id='word_1_117' title='bbox 226 1617 297 1668; x_wconf 89' lang='lat' dir='ltr'><strong>diem</strong></span> <span class='ocrx_word' id='word_1_118' title='bbox 309 1616 425 1680; x_wconf 80' lang='lat' dir='ltr'><strong>diceret3</strong></span> <span class='ocrx_word' id='word_1_119' title='bbox 447 1633 501 1684; x_wconf 91' lang='lat' dir='ltr'><strong>quo</strong></span> <span class='ocrx_word' id='word_1_120' title='bbox 517 1619 666 1684; x_wconf 88' lang='lat' dir='ltr'><strong>praecipuo</strong></span> <span class='ocrx_word' id='word_1_121' title='bbox 679 1617 806 1670; x_wconf 89' lang='lat' dir='ltr'><strong>adiutore</strong></span> <span class='ocrx_word' id='word_1_122' title='bbox 818 1619 930 1686; x_wconf 83' lang='lat' dir='ltr'><strong>aliquot</strong></span> 
     </span>
     <span class='ocr_line' id='line_1_20' title="bbox 131 1691 926 1747; baseline 0.003 -5"><span class='ocrx_word' id='word_1_123' title='bbox 131 1699 194 1744; x_wconf 90' lang='lat' dir='ltr'><strong>ante</strong></span> <span class='ocrx_word' id='word_1_124' title='bbox 205 1691 331 1742; x_wconf 88' lang='lat' dir='ltr'><strong>aunosL.</strong></span> <span class='ocrx_word' id='word_1_125' title='bbox 340 1691 482 1743; x_wconf 89' lang='lat' dir='ltr'><strong>Saturnini</strong></span> <span class='ocrx_word' id='word_1_126' title='bbox 492 1691 655 1745; x_wconf 83' lang='lat' dir='ltr'><strong>seditiosum</strong></span> <span class='ocrx_word' id='word_1_127' title='bbox 665 1693 835 1744; x_wconf 86' lang='lat' dir='ltr'><strong>tribunatum</strong></span> <span class='ocrx_word' id='word_1_128' title='bbox 847 1709 926 1747; x_wconf 85' lang='lat' dir='ltr'><strong>sena-</strong></span> 
     </span>
     <span class='ocr_line' id='line_1_21' title="bbox 130 1767 927 1833; baseline 0.003 -16"><span class='ocrx_word' id='word_1_129' title='bbox 130 1775 175 1818; x_wconf 89' lang='lat' dir='ltr'><strong>tus</strong></span> <span class='ocrx_word' id='word_1_130' title='bbox 186 1774 357 1819; x_wconf 85' lang='lat' dir='ltr'><strong>coercuerat:</strong></span> <span class='ocrx_word' id='word_1_131' title='bbox 379 1783 412 1817; x_wconf 91' lang='lat' dir='ltr'><strong>ac</strong></span> <span class='ocrx_word' id='word_1_132' title='bbox 422 1773 496 1819; x_wconf 83' lang='lat' dir='ltr'><strong>sorte</strong></span> <span class='ocrx_word' id='word_1_133' title='bbox 511 1767 595 1819; x_wconf 84' lang='lat' dir='ltr'><strong>iudex</strong></span> <span class='ocrx_word' id='word_1_134' title='bbox 609 1768 639 1818; x_wconf 91' lang='lat' dir='ltr'><strong>in</strong></span> <span class='ocrx_word' id='word_1_135' title='bbox 654 1783 730 1820; x_wconf 88' lang='lat' dir='ltr'><strong>reum</strong></span> <span class='ocrx_word' id='word_1_136' title='bbox 741 1768 853 1833; x_wconf 84' lang='lat' dir='ltr'><strong>ductus,-</strong></span> <span class='ocrx_word' id='word_1_137' title='bbox 868 1775 927 1819; x_wconf 91' lang='lat' dir='ltr'><strong>tam</strong></span> 
     </span>
     <span class='ocr_line' id='line_1_22' title="bbox 131 1841 929 1912; baseline 0.001 -19"><span class='ocrx_word' id='word_1_138' title='bbox 131 1843 229 1910; x_wconf 85' lang='lat' dir='ltr'><strong>cupide</strong></span> <span class='ocrx_word' id='word_1_139' title='bbox 242 1841 441 1908; x_wconf 90' lang='lat' dir='ltr'><strong>condemnavit,</strong></span> <span class='ocrx_word' id='word_1_140' title='bbox 452 1848 484 1893; x_wconf 92' lang='lat' dir='ltr'><strong>ut</strong></span> <span class='ocrx_word' id='word_1_141' title='bbox 494 1841 530 1893; x_wconf 90' lang='lat' dir='ltr'><strong>ad</strong></span> <span class='ocrx_word' id='word_1_142' title='bbox 540 1841 671 1910; x_wconf 89' lang='lat' dir='ltr'><strong>populum</strong></span> <span class='ocrx_word' id='word_1_143' title='bbox 682 1845 846 1912; x_wconf 89' lang='lat' dir='ltr'><strong>provocanti</strong></span> <span class='ocrx_word' id='word_1_144' title='bbox 857 1841 929 1894; x_wconf 91' lang='lat' dir='ltr'><strong>nihil</strong></span> 
     </span>
     <span class='ocr_line' id='line_1_23' title="bbox 131 1911 676 1986; baseline -0.004 -16"><span class='ocrx_word' id='word_1_145' title='bbox 131 1911 217 1986; x_wconf 79' lang='lat' dir='ltr'><strong>aeque</strong></span> <span class='ocrx_word' id='word_1_146' title='bbox 229 1932 262 1968; x_wconf 86' lang='lat' dir='ltr'><strong>ac</strong></span> <span class='ocrx_word' id='word_1_147' title='bbox 271 1916 373 1968; x_wconf 89' lang='lat' dir='ltr'><strong>iudicis</strong></span> <span class='ocrx_word' id='word_1_148' title='bbox 384 1919 521 1970; x_wconf 80' lang='lat' dir='ltr'><strong>acerbitas</strong></span> <span class='ocrx_word' id='word_1_149' title='bbox 531 1917 676 1985; x_wconf 85' lang='lat' dir='ltr'><strong>profuerit.</strong></span> 
     </span>
    </p>

    <p class='ocr_par' dir='ltr' id='par_1_7' title="bbox 128 1991 930 2665">
     <span class='ocr_line' id='line_1_24' title="bbox 186 1991 926 2062; baseline -0.001 -17"><span class='ocrx_word' id='word_1_150' title='bbox 186 1991 261 2045; x_wconf 89' lang='lat' dir='ltr'><strong>Xlll.</strong></span> <span class='ocrx_word' id='word_1_151' title='bbox 282 1992 419 2061; x_wconf 85' lang='lat' dir='ltr'><strong>Deposita</strong></span> <span class='ocrx_word' id='word_1_152' title='bbox 429 1993 588 2062; x_wconf 89' lang='lat' dir='ltr'><strong>provinciae</strong></span> <span class='ocrx_word' id='word_1_153' title='bbox 600 2009 656 2060; x_wconf 87' lang='lat' dir='ltr'><strong>spe,</strong></span> <span class='ocrx_word' id='word_1_154' title='bbox 668 1993 861 2061; x_wconf 84' lang='lat' dir='ltr'><strong>pontificatum</strong></span> <span class='ocrx_word' id='word_1_155' title='bbox 867 2009 926 2046; x_wconf 86' lang='lat' dir='ltr'><strong>ura-</strong></span> 
     </span>
     <span class='ocr_line' id='line_1_25' title="bbox 128 2067 928 2136; baseline 0 -16"><span class='ocrx_word' id='word_1_156' title='bbox 128 2070 233 2120; x_wconf 78' lang='lat' dir='ltr'><strong>nimum</strong></span> <span class='ocrx_word' id='word_1_157' title='bbox 244 2069 337 2135; x_wconf 89' lang='lat' dir='ltr'><strong>petiit,</strong></span> <span class='ocrx_word' id='word_1_158' title='bbox 354 2085 409 2120; x_wconf 90' lang='lat' dir='ltr'><strong>non</strong></span> <span class='ocrx_word' id='word_1_159' title='bbox 421 2071 479 2120; x_wconf 89' lang='lat' dir='ltr'><strong>sine</strong></span> <span class='ocrx_word' id='word_1_160' title='bbox 490 2067 684 2135; x_wconf 83' lang='lat' dir='ltr'><strong>profusissima</strong></span> <span class='ocrx_word' id='word_1_161' title='bbox 699 2068 856 2136; x_wconf 78' lang='lat' dir='ltr'><strong>largitione.</strong></span> <span class='ocrx_word' id='word_1_162' title='bbox 895 2069 928 2120; x_wconf 91' lang='lat' dir='ltr'><strong>ln</strong></span> 
     </span>
     <span class='ocr_line' id='line_1_26' title="bbox 132 2143 928 2214; baseline 0.005 -22"><span class='ocrx_word' id='word_1_163' title='bbox 132 2158 186 2210; x_wconf 87' lang='lat' dir='ltr'><strong>qua</strong></span> <span class='ocrx_word' id='word_1_164' title='bbox 196 2148 325 2210; x_wconf 88' lang='lat' dir='ltr'><strong>reputans</strong></span> <span class='ocrx_word' id='word_1_165' title='bbox 336 2143 551 2209; x_wconf 80' lang='lat' dir='ltr'><strong>magnitudinem</strong></span> <span class='ocrx_word' id='word_1_166' title='bbox 564 2143 635 2194; x_wconf 90' lang='lat' dir='ltr'><strong>aeris</strong></span> <span class='ocrx_word' id='word_1_167' title='bbox 648 2143 739 2208; x_wconf 88' lang='lat' dir='ltr'><strong>alieni,</strong></span> <span class='ocrx_word' id='word_1_168' title='bbox 752 2159 835 2214; x_wconf 90' lang='lat' dir='ltr'><strong>quum</strong></span> <span class='ocrx_word' id='word_1_169' title='bbox 846 2159 928 2196; x_wconf 88' lang='lat' dir='ltr'><strong>mane</strong></span> 
     </span>
     <span class='ocr_line' id='line_1_27' title="bbox 132 2215 930 2284; baseline 0.004 -18"><span class='ocrx_word' id='word_1_170' title='bbox 132 2217 167 2266; x_wconf 91' lang='lat' dir='ltr'><strong>ad</strong></span> <span class='ocrx_word' id='word_1_171' title='bbox 179 2216 292 2268; x_wconf 90' lang='lat' dir='ltr'><strong>comitia</strong></span> <span class='ocrx_word' id='word_1_172' title='bbox 303 2215 491 2282; x_wconf 83' lang='lat' dir='ltr'><strong>descenderet,</strong></span> <span class='ocrx_word' id='word_1_173' title='bbox 508 2217 679 2284; x_wconf 81' lang='lat' dir='ltr'><strong>praedixisse</strong></span> <span class='ocrx_word' id='word_1_174' title='bbox 689 2218 773 2272; x_wconf 84' lang='lat' dir='ltr'><strong>matri</strong></span> <span class='ocrx_word' id='word_1_175' title='bbox 789 2216 930 2272; x_wconf 75' lang='lat' dir='ltr'><strong>osculanti</strong></span> 
     </span>
     <span class='ocr_line' id='line_1_28' title="bbox 131 2291 930 2362; baseline 0.001 -18"><span class='ocrx_word' id='word_1_176' title='bbox 131 2291 226 2357; x_wconf 70' lang='lat' dir='ltr'><strong>sertin,</strong></span> <span class='ocrx_word' id='word_1_177' title='bbox 239 2291 342 2342; x_wconf 76' lang='lat' dir='ltr'><strong>douram</strong></span> <span class='ocrx_word' id='word_1_178' title='bbox 352 2307 378 2342; x_wconf 80' lang='lat' dir='ltr'><strong>oe</strong></span> <span class='ocrx_word' id='word_1_179' title='bbox 389 2291 600 2362; x_wconf 77' lang='lat' dir='ltr'><strong>nisipoataflcem</strong></span> <span class='ocrx_word' id='word_1_180' title='bbox 610 2310 662 2344; x_wconf 84' lang='lat' dir='ltr'><strong>non</strong></span> <span class='ocrx_word' id='word_1_181' title='bbox 672 2307 845 2345; x_wconf 77' lang='lat' dir='ltr'><strong>reversurum.</strong></span> <span class='ocrx_word' id='word_1_182' title='bbox 881 2295 930 2346; x_wconf 82' lang='lat' dir='ltr'><strong>nt-</strong></span> 
     </span>
     <span class='ocr_line' id='line_1_29' title="bbox 131 2367 930 2438; baseline 0.004 -21"><span class='ocrx_word' id='word_1_183' title='bbox 131 2383 184 2434; x_wconf 90' lang='lat' dir='ltr'><strong>que</strong></span> <span class='ocrx_word' id='word_1_184' title='bbox 194 2367 235 2417; x_wconf 92' lang='lat' dir='ltr'><strong>ita</strong></span> <span class='ocrx_word' id='word_1_185' title='bbox 245 2367 451 2434; x_wconf 86' lang='lat' dir='ltr'><strong>potentissimos</strong></span> <span class='ocrx_word' id='word_1_186' title='bbox 463 2367 533 2420; x_wconf 90' lang='lat' dir='ltr'><strong>duos</strong></span> <span class='ocrx_word' id='word_1_187' title='bbox 545 2369 749 2435; x_wconf 87' lang='lat' dir='ltr'><strong>competitores,</strong></span> <span class='ocrx_word' id='word_1_188' title='bbox 756 2368 930 2438; x_wconf 89' lang='lat' dir='ltr'><strong>multumque</strong></span> 
     </span>
     <span class='ocr_line' id='line_1_30' title="bbox 132 2441 930 2512; baseline 0.003 -18"><span class='ocrx_word' id='word_1_189' title='bbox 132 2449 160 2494; x_wconf 89' lang='lat' dir='ltr'><strong>et</strong></span> <span class='ocrx_word' id='word_1_190' title='bbox 170 2448 261 2494; x_wconf 91' lang='lat' dir='ltr'><strong>aetate</strong></span> <span class='ocrx_word' id='word_1_191' title='bbox 272 2446 300 2494; x_wconf 88' lang='lat' dir='ltr'><strong>et</strong></span> <span class='ocrx_word' id='word_1_192' title='bbox 310 2441 445 2509; x_wconf 85' lang='lat' dir='ltr'><strong>dignitate</strong></span> <span class='ocrx_word' id='word_1_193' title='bbox 457 2442 656 2508; x_wconf 87' lang='lat' dir='ltr'><strong>antecedentes,</strong></span> <span class='ocrx_word' id='word_1_194' title='bbox 669 2444 818 2510; x_wconf 82' lang='lat' dir='ltr'><strong>superarit,</strong></span> <span class='ocrx_word' id='word_1_195' title='bbox 825 2450 857 2495; x_wconf 92' lang='lat' dir='ltr'><strong>ut</strong></span> <span class='ocrx_word' id='word_1_196' title='bbox 867 2445 930 2512; x_wconf 90' lang='lat' dir='ltr'><strong>plu-</strong></span> 
     </span>
     <span class='ocr_line' id='line_1_31' title="bbox 129 2517 930 2588; baseline 0.005 -20"><span class='ocrx_word' id='word_1_197' title='bbox 129 2533 162 2570; x_wconf 89' lang='lat' dir='ltr'><strong>ra</strong></span> <span class='ocrx_word' id='word_1_198' title='bbox 171 2519 230 2586; x_wconf 91' lang='lat' dir='ltr'><strong>ipse</strong></span> <span class='ocrx_word' id='word_1_199' title='bbox 241 2519 270 2569; x_wconf 91' lang='lat' dir='ltr'><strong>in</strong></span> <span class='ocrx_word' id='word_1_200' title='bbox 281 2533 375 2570; x_wconf 89' lang='lat' dir='ltr'><strong>eorum</strong></span> <span class='ocrx_word' id='word_1_201' title='bbox 386 2519 512 2576; x_wconf 87' lang='lat' dir='ltr'><strong>tribubus</strong></span> <span class='ocrx_word' id='word_1_202' title='bbox 523 2517 666 2587; x_wconf 83' lang='lat' dir='ltr'><strong>suffragia,</strong></span> <span class='ocrx_word' id='word_1_203' title='bbox 679 2534 761 2588; x_wconf 88' lang='lat' dir='ltr'><strong>quam</strong></span> <span class='ocrx_word' id='word_1_204' title='bbox 772 2524 889 2588; x_wconf 84' lang='lat' dir='ltr'><strong>uterque</strong></span> <span class='ocrx_word' id='word_1_205' title='bbox 899 2519 930 2572; x_wconf 90' lang='lat' dir='ltr'><strong>in</strong></span> 
     </span>
     <span class='ocr_line' id='line_1_32' title="bbox 131 2593 913 2665; baseline 0.004 -22"><span class='ocrx_word' id='word_1_206' title='bbox 131 2595 266 2660; x_wconf 86' lang='lat' dir='ltr'><strong>omnibus,</strong></span> <span class='ocrx_word' id='word_1_207' title='bbox 278 2593 381 2645; x_wconf 88' lang='lat' dir='ltr'><strong>tulerit.</strong></span> <span class='ocrx_word' id='word_1_208' title='bbox 911 2656 913 2665; x_wconf 23' lang='grc' dir='ltr'><strong><em>Α</em></strong></span> 
     </span>
    </p>

    <p class='ocr_par' dir='ltr' id='par_1_8' title="bbox 130 2667 931 2816">
     <span class='ocr_line' id='line_1_33' title="bbox 186 2667 931 2736; baseline 0.003 -16"><span class='ocrx_word' id='word_1_209' title='bbox 186 2667 260 2720; x_wconf 85' lang='lat' dir='ltr'><strong>XIV.</strong></span> <span class='ocrx_word' id='word_1_210' title='bbox 280 2667 397 2722; x_wconf 85' lang='lat' dir='ltr'><strong>Praetor</strong></span> <span class='ocrx_word' id='word_1_211' title='bbox 408 2675 529 2736; x_wconf 84' lang='lat' dir='ltr'><strong>creatus,</strong></span> <span class='ocrx_word' id='word_1_212' title='bbox 547 2670 655 2724; x_wconf 88' lang='lat' dir='ltr'><strong>detecta</strong></span> <span class='ocrx_word' id='word_1_213' title='bbox 671 2670 864 2724; x_wconf 81' lang='lat' dir='ltr'><strong>coniuratione</strong></span> <span class='ocrx_word' id='word_1_214' title='bbox 877 2671 931 2722; x_wconf 85' lang='lat' dir='ltr'><strong>Ga-</strong></span> 
     </span>
     <span class='ocr_line' id='line_1_34' title="bbox 130 2742 931 2816; baseline 0.002 -20"><span class='ocrx_word' id='word_1_215' title='bbox 130 2742 240 2812; x_wconf 82' lang='lat' dir='ltr'><strong>tillnae,</strong></span> <span class='ocrx_word' id='word_1_216' title='bbox 262 2751 411 2816; x_wconf 89' lang='lat' dir='ltr'><strong>senatuque</strong></span> <span class='ocrx_word' id='word_1_217' title='bbox 426 2746 556 2800; x_wconf 85' lang='lat' dir='ltr'><strong>universo</strong></span> <span class='ocrx_word' id='word_1_218' title='bbox 572 2747 601 2798; x_wconf 92' lang='lat' dir='ltr'><strong>in</strong></span> <span class='ocrx_word' id='word_1_219' title='bbox 613 2747 705 2800; x_wconf 90' lang='lat' dir='ltr'><strong>socios</strong></span> <span class='ocrx_word' id='word_1_220' title='bbox 717 2745 852 2798; x_wconf 85' lang='lat' dir='ltr'><strong>facinoris</strong></span> <span class='ocrx_word' id='word_1_221' title='bbox 863 2746 931 2798; x_wconf 89' lang='lat' dir='ltr'><strong>ulti·</strong></span> 
     </span>
    </p>
   </div>
   <div class='ocr_carea' id='block_1_5' title="bbox 999 1183 1002 1246">
    <p class='ocr_par' dir='ltr' id='par_1_9' title="bbox 999 1183 1002 1352">
     <span class='ocr_line' id='line_1_35' title="bbox 999 1183 1002 1246; baseline 0 106"><span class='ocrx_word' id='word_1_222' title='bbox 999 1183 1002 1246; x_wconf 47' lang='lat' dir='ltr'><strong>l</strong></span> 
     </span>
    </p>
   </div>
   <div class='ocr_carea' id='block_1_6' title="bbox 0 0 1018 3020">
    <p class='ocr_par' dir='ltr' id='par_1_10' title="bbox 0 0 1018 3020">
     <span class='ocr_line' id='line_1_36' title="bbox 0 0 1018 3020; baseline 0 3"><span class='ocrx_word' id='word_1_223' title='bbox 0 0 1018 3020; x_wconf 95' lang='lat' dir='ltr'><strong> </strong></span> 
     </span>
    </p>
   </div>
  </div>
 </body>
</html>
