2050 3034
127 219 176 268 tra
406 220 433 264 c.
456 217 644 266 suuronur
839 203 850 257 ,⁵

182 339 257 392 xlii.
277 339 351 408 Equi
366 355 475 408 quoque
490 347 518 392 et
532 355 671 392 armorum
683 337 781 390 solitas
793 339 929 388 exercita-

122 409 216 468 tiones
228 409 337 480 omisit,
350 415 510 482 redegitque
521 432 563 480 se,
576 414 702 482 deposito
713 413 806 480 patrio
819 409 929 475 babitu,

125 489 161 542 ad
175 489 291 558 pallium
306 497 334 541 et
349 490 489 557 crepidam
515 496 598 558 atque
612 489 641 539 in
654 487 708 539 tali
721 493 797 539 statu
810 487 927 539 biennio

123 565 181 618 scre
191 565 355 632 permansit,
368 565 551 632 contemptior
560 565 590 614 in
601 563 659 616 dies
670 568 698 616 et
706 561 838 626 invisior,
854 561 926 615 adeo

123 646 155 692 ut
164 639 298 706 imagines
310 639 369 690 eius
375 644 513 690 etstatuas
518 638 718 690 Nemausenses
729 637 925 701 subverterint,

125 731 158 766 ac
167 713 302 765 familiari
312 713 432 780 quodam
445 714 572 765 convivio
583 713 722 765 mentione
733 712 792 763 eius
804 718 868 763 orta
880 727 925 764 ex-

124 789 234 850 stiterit,
248 787 295 855 qui
300 787 369 839 (laio
381 788 567 855 polliceretur,
580 786 720 858 confertim
730 803 765 849 se,
777 785 924 850 titubent,

123 861 246 912 Rhodum
256 861 458 930 navigaturum,
480 872 609 929 caputque
620 861 715 913 exsulis
726 861 781 923 (sic
790 862 864 913 cuim
877 876 924 929 ap-

122 935 291 1004 pellabatur)
302 939 456 990 relotarum.
494 938 555 999 Quo
566 937 722 1005 praecipue,
733 951 790 987 nou
799 936 858 986 iam
868 952 923 988 me

121 1018 160 1075 tu,
172 1011 220 1064 sed
231 1010 397 1077 discrimine,
410 1019 523 1065 coactus
535 1018 584 1080 est,
593 1018 651 1063 tam
662 1013 720 1063 suis
731 1026 813 1079 quam
824 1012 923 1062 matris

121 1087 331 1154 inpensissimis
345 1088 474 1155 precibus
488 1087 605 1138 reditum
622 1085 811 1154 expostulare:
836 1086 922 1154 impe-

120 1163 267 1229 travitque,
280 1162 391 1214 adiutus
402 1162 573 1229 aliquantum
584 1162 667 1222 etiam
679 1177 753 1213 casu.
792 1158 923 1214 Destina-

121 1242 179 1288 tum
190 1237 314 1304 Augusto
326 1244 394 1301 erut,
406 1229 569 1304 nibil'supcr
581 1251 615 1287 ea
624 1236 724 1302 re,nisi
734 1250 767 1286 ex
777 1234 923 1288 voltmtate

121 1313 237 1364 maioris
248 1312 308 1376 tilii,
320 1317 450 1364 statuere.
480 1311 507 1362 ls
517 1311 590 1363 forte
599 1316 665 1362 tunc
675 1311 713 1362 M.
726 1309 820 1361 Lollio
834 1309 923 1363 offen·
1007 1359 1008 1362 ,

121 1386 193 1449 sior,
203 1385 296 1436 facilis
307 1386 512 1454 exorabilisque
526 1387 556 1436 in
565 1386 693 1437 vitricum
703 1385 765 1436 fuit.
805 1383 923 1439 Permit-

121 1464 195 1512 tente
205 1474 271 1526 ergo
284 1460 352 1512 Gaio
362 1469 508 1513 revocatus
520 1467 573 1523 est3
584 1476 678 1512 verum
689 1460 739 1513 sub
752 1462 922 1527 conditione,
938 1516 941 1522 ,

121 1549 248 1602 nequam
260 1541 366 1602 partem
378 1552 505 1590 curamve
514 1536 685 1603 reipublicae
697 1538 854 1604 attingeret.
882 1593 887 1602 ,

177 1608 251 1661 XIV.
272 1609 366 1662 Rediit
376 1616 474 1664 octavo
486 1617 551 1677 post
560 1626 696 1663 secessum
709 1627 794 1676 anno,
810 1627 921 1679 magna,

120 1697 171 1734 nec
180 1683 288 1734 incerta
298 1695 346 1750 spe
356 1683 525 1751 futurorum,
542 1701 624 1754 quam
639 1692 667 1738 et
677 1687 792 1738 ostentis
804 1692 832 1738 et
841 1702 921 1754 prae·

121 1756 290 1810 dictionibus
301 1759 336 1809 ab
346 1759 428 1811 initio
441 1762 541 1812 aetatis
552 1767 724 1829 conceperat
758 1759 920 1829 Praegnans

120 1831 193 1882 enirn
203 1830 294 1898 Livia,
307 1849 441 1902 quum,an
452 1851 555 1888 marem
566 1837 675 1888 editura
685 1842 765 1902 esset,
775 1837 864 1888 variis
876 1853 919 1888 ca·
1005 1881 1006 1893 ,

119 1911 211 1972 ptaret
226 1908 377 1973 ominibus,
400 1925 493 1975 ovum,
514 1911 657 1963 incubanti
676 1911 797 1979 galiinae
817 1911 920 1964 subdu·
953 1917 956 1924 ⁴

120 1986 201 2046 ctum
214 1998 287 2035 nunc
296 1999 347 2035 sua
357 2000 429 2036 nunc
438 1986 626 2038 ministrarum
637 2001 720 2037 manu
730 2000 779 2053 per
788 1986 864 2038 vices
875 2002 919 2038 us·
1004 2021 1005 2044 ;

120 2071 173 2122 que
184 2073 216 2108 eo
227 2056 311 2122 fovit,
324 2059 417 2126 quoad
427 2060 518 2126 pullus
529 2060 674 2126 insigniter
685 2061 816 2112 cristatus
826 2061 918 2112 exelu-
1004 2079 1005 2097 ¹

119 2145 166 2179 sus
187 2137 237 2182 est.
279 2133 319 2183 Ac
339 2133 372 2184 de
396 2133 501 2185 infante
522 2132 684 2186 Scribonius
706 2133 918 2188 mathematicus
1003 2135 1004 2140 ’

118 2203 264 2269 praeclara
279 2206 440 2273 spopondit:
461 2207 541 2259 etiam
559 2218 734 2277 regnaturum
753 2209 917 2278 quandoque,

118 2277 165 2328 red
173 2276 229 2330 sine
239 2279 314 2348 regio
325 2279 442 2350 imlgni;
452 2282 550 2349 ignota
560 2283 667 2336 scilicet
675 2291 741 2336 tnnc
751 2283 843 2338 adhuc
852 2285 919 2342 Cae·

119 2367 212 2404 sarum
222 2359 370 2421 potestate.
394 2355 431 2408 Et
439 2357 564 2424 ingresso
576 2359 693 2426 primam
704 2359 918 2428 expeditionem,

119 2441 153 2478 ac
172 2444 221 2494 per
234 2428 432 2482 Macedoniam
447 2429 563 2485 ducente
583 2433 732 2486 exereitum
750 2434 780 2485 in
796 2433 918 2501 Syriam,

119 2502 233 2568 accidit,
254 2510 286 2556 nt
300 2505 372 2572 apud
383 2504 528 2575 Philippos
543 2513 670 2560 sacratae
681 2508 748 2560 olim
759 2509 915 2562 vindicium
937 2521 939 2525 '

37 2590 39 2594 ¹
117 2574 256 2642 legionum
268 2593 333 2634 arae
344 2588 441 2648 sponte
456 2582 556 2634 subitis
567 2582 736 2635 collucerent
745 2583 870 2650 ignibus:
891 2594 918 2636 et

118 2662 194 2714 mox,
217 2668 300 2720 quum
310 2655 453 2723 illyricum
468 2663 563 2725 petens
577 2658 656 2708 irtxta
670 2655 816 2710 Patavium
831 2657 916 2710 adiis-

116 2726 159 2771 set
170 2722 308 2791 Geryonis
320 2733 471 2796 oraculum,
483 2739 559 2785 sorte
569 2737 667 2797 tracta,
674 2747 729 2799 qna
739 2732 916 2796 monebatur,
