2050 3034
104 217 154 273 loti
382 223 409 269 c.
433 221 622 271 SUETON11
712 215 714 221 ’

102 364 137 399 ne
156 345 294 414 profundo
315 353 460 414 mergeret,
482 351 624 409 exoratus,
649 345 723 400 Urbe
743 345 901 406 sunnonis

102 423 161 473 'liti
172 423 301 487 Labieni,
323 423 409 474 Cordi
420 422 563 485 Cremutii,
581 421 672 473 Cassii
681 419 776 482 Severi
785 421 899 488 scripta,

102 504 214 548 senatus
225 498 358 550 consultis
369 499 484 561 abolita,
496 496 612 564 requiri,
624 501 652 547 et
661 512 721 548 esse
732 495 761 548 in
772 497 900 548 manibus

102 573 275 641 lectitarique
289 573 426 639 permisit;
451 573 562 640 quando
579 572 697 624 maxime
711 587 764 623 sua
783 570 897 627 interes·

101 653 153 712 set,
173 655 206 698 ut
217 648 292 698 lacta
307 663 431 715 quaeque
442 647 561 714 posteris
571 647 724 716 tradantur.
763 646 898 699 Rationes

100 724 209 790 imperii
220 724 254 772 ub
266 721 388 789 Augusto
400 723 520 790 proponi
530 722 636 786 solitas,
648 721 697 774 sed
708 721 845 774 eTiberio
856 723 896 772 in·

98 798 253 860 tennissas,
269 797 429 862 publicavit.
468 797 679 865 Magistratibus
689 797 805 851 liberino
815 797 897 850 iuris·

99 873 255 936 dictionem,
267 877 295 922 et
304 871 363 923 sine
374 873 419 924 sui
429 872 624 940 appellatione,
635 873 780 925 concessit.
811 872 895 939 Equi-

96 947 284 998 tesRomanos
294 961 387 1000 severe
398 949 568 1017 cruoreque,
574 947 688 1000 necsine
694 947 893 1010 moderatione,

96 1023 270 1090 recognovit,
285 1023 377 1091 palam
389 1024 516 1090 adempto
527 1037 611 1092 equo,
629 1022 729 1091 quibus
739 1027 788 1074 out
797 1023 894 1091 probri

97 1097 202 1165 aliquid
215 1105 263 1148 orrt
276 1099 445 1165 ignominiae
458 1100 573 1160 inesset;
593 1113 702 1162 eorum,
723 1099 773 1166 qui
787 1098 892 1148 minore

97 1173 178 1240 culpo
197 1180 365 1237 tenerentur,
391 1175 548 1225 nourinibus
573 1173 656 1227 modo
680 1173 709 1227 iu
729 1173 893 1227 recitatione

17 1309 23 1318 ι
96 1250 260 1316 praeteritis.
299 1250 336 1299 Ut
349 1249 438 1300 levior
451 1249 533 1299 labor
546 1247 734 1300 iudicantibus
749 1246 835 1312 foret,
857 1248 893 1298 ad

98 1330 217 1390 qrratnor
226 1325 333 1390 priores
348 1325 471 1390 quintam
482 1323 622 1376 decurimu
633 1323 751 1376 eddidit.
790 1324 891 1376 Tenta-

95 1399 185 1461 vitet,
205 1399 380 1449 comitiorum
390 1414 466 1451 more
476 1405 621 1462 revocato,
642 1397 777 1465 uffrogie
786 1398 891 1465 poprdo

94 1473 218 1523 reddere.
257 1472 364 1540 Legata
374 1490 408 1525 ex
417 1480 582 1528 testamento
593 1474 713 1536 Tiberii,
735 1488 892 1543 quanqum

96 1548 215 1611 abolito,
237 1550 285 1599 sed
296 1556 323 1600 et
333 1549 420 1600 iuliae
429 1550 582 1616 Augustae,
603 1549 679 1616 quod
689 1548 818 1603 'riberius
829 1564 892 1614 sup-

94 1629 244 1688 presserat,
266 1639 327 1674 cum
344 1623 396 1674 lide
411 1639 445 1674 ac
459 1625 519 1674 sine
534 1624 672 1676 calrunnia
686 1630 893 1692 repraesentata

93 1697 235 1764 persolvit.
265 1697 487 1750 Ducentesimam
498 1700 657 1751 arictionum
667 1699 766 1752 Italiae
776 1699 891 1751 remisit.

93 1771 190 1822 Multis
205 1771 395 1824 incendiorum
410 1773 510 1825 damna
524 1774 673 1842 supplevit:
698 1775 771 1826 acsi
790 1775 891 1842 quibus

94 1861 179 1913 regna
188 1847 322 1911 restitnit,
335 1848 437 1900 adiecit
446 1856 474 1901 et
483 1849 602 1900 fructum
613 1865 720 1902 omnem
729 1850 892 1916 vectigulio-

93 1936 162 1986 nrm,
173 1927 202 1972 et
211 1922 424 1976 reditum'medii
433 1925 574 1992 temporis,
585 1932 616 1976 ut
621 1923 757 1978 Antiocho
765 1925 891 1979 Comaro-

93 2013 163 2063 gono
179 1999 334 2058 sestertium
353 2000 453 2051 millies
474 1999 661 2052 confiscatum.
701 1999 819 2066 Quoque
834 2015 890 2050 rna-

92 2073 136 2138 gis
145 2073 248 2124 nullius
258 2090 314 2126 non
325 2075 393 2127 boni
402 2074 522 2140 exempli
529 2071 774 2137 fautorrideretur,
781 2074 890 2128 nrrrlieri

92 2147 239 2198 libertinae
250 2150 392 2217 octoginta
402 2149 524 2214 donavit,
531 2150 606 2216 quod
616 2148 775 2202 excruciata
785 2150 890 2216 gravis·

93 2221 171 2271 simis
180 2225 325 2274 tormentis
336 2224 370 2275 de
380 2224 482 2275 scelere
492 2225 604 2292 patroni
613 2225 777 2284 reticuisset.
815 2224 891 2285 Quas

94 2295 129 2346 ob
141 2313 186 2348 res
195 2297 267 2348 inter
276 2298 399 2365 reliquos
410 2297 529 2350 honores
540 2300 665 2352 decretus
676 2306 718 2354 est
732 2300 759 2350 ei
775 2299 890 2366 clypeus

94 2387 205 2437 aurens,
227 2389 306 2441 quern
323 2374 471 2441 quotannis
486 2380 561 2428 certo
577 2375 622 2428 die
632 2375 751 2442 collegia
761 2373 890 2426 sacerdo·

92 2453 150 2499 turn
160 2449 189 2498 in
200 2447 367 2516 capitolium
378 2449 490 2514 ferrent,
501 2457 598 2502 senatu
607 2456 799 2518 prosequente,
810 2448 889 2500 nobi-

91 2521 218 2590 libusque
229 2525 322 2589 pneris
333 2540 366 2576 ac
376 2525 484 2593 puellis,
497 2527 617 2578 carmine
627 2524 781 2589 modulato,
791 2523 888 2576 laudes

91 2597 221 2648 virtutum
234 2599 292 2651 eius
304 2601 473 2652 canentibus.
508 2600 656 2655 Decretum
664 2605 766 2661 autem,
776 2605 809 2650 ut
819 2599 889 2663 dies,

93 2684 147 2734 quo
159 2675 276 2739 cepisset
284 2676 442 2744 imperium,
465 2675 570 2728 Parilia
579 2681 738 2741 vocaretur,
759 2674 835 2726 velut
846 2689 888 2726 ar·

91 2753 247 2810 gementum
257 2764 352 2800 nri-sus
364 2751 491 2804 conditae
501 2751 591 2804 Urbis.
