2026 3020
107 185 142 240 90
383 185 410 233 0.
438 181 626 234 SUETONU

107 325 190 366 sensu
199 311 320 366 maximo
333 310 524 380 comprobavit
533 323 640 362 versum
650 309 680 362 iu
690 325 773 362 scena
783 325 909 379 pronun·

107 391 208 441 ciatum
220 387 253 440 de
265 386 348 441 Gallo
359 388 455 438 matris
466 386 547 438 derim
557 387 775 454 tympanizante,

185 461 285 527 Videa',
298 464 329 516 dt
337 462 461 515 mneedm
473 461 560 512 orbem
571 459 656 530 digito
668 461 813 528 temperate

158 537 259 589 LXIX.
279 538 422 590 Adulteria
441 537 550 604 quidem
571 537 739 600 exercuisse,
763 551 798 588 ne
817 539 906 588 amici

103 614 214 684 quidem
224 620 333 681 negant,
345 620 507 664 excusantes
518 627 593 674 sane,
605 627 660 662 uon
670 609 786 663 libidine
797 612 846 664 scd
857 627 903 663 ra-

101 691 177 741 tione
189 690 336 740 commissa
342 727 349 752 ,
362 703 416 754 quo
427 687 538 739 facilius
549 685 667 739 consilia
678 686 904 738 adversariorum

32 757 43 770 ⁸
102 781 151 832 per
166 765 297 830 cuiusque
312 763 441 814 mulieres
456 763 619 829 exquireret.
658 761 697 812 Μ.
708 761 844 813 Antonius
855 777 902 814 su-

101 855 151 907 per
160 837 407 888 festinatasLiviae
417 839 528 904 nuptias
539 837 683 899 obiecit,et
693 835 823 888 femmam
835 852 901 888 con-

101 913 221 964 sularem
232 929 246 963 e
257 911 393 976 triclinio,
404 913 465 964 viro
481 926 588 975 coram,
603 911 633 961 in
644 911 800 962 cubiculum
812 911 900 962 abdu-

101 995 186 1052 ctam,
197 1003 292 1040 rursus
301 989 331 1039 in
343 988 511 1051 convivium,
527 986 688 1038 rubentibus
698 985 845 1050 auriculis,
857 987 900 1037 in-

101 1064 253 1131 comptiore
268 1063 384 1132 capillo,
404 1063 559 1123 reductam
584 1065 612 1112 et
630 1060 772 1112 dimissam
786 1059 898 1113 Scribo·

98 1141 186 1203 uiam,
209 1139 275 1206 quia
286 1139 399 1189 liberius
410 1136 545 1188 doluisset
554 1136 666 1186 nimiam
677 1136 830 1203 potentiam
840 1135 899 1203 pel·

99 1213 174 1276 licis;
195 1219 223 1265 et
233 1213 406 1264 conditiones
417 1211 557 1279 quaesitas
572 1226 621 1277 per
637 1212 755 1274 amicos,
776 1211 825 1278 qui
839 1226 898 1262 ms-

98 1296 154 1340 tres
174 1287 296 1340 familias
316 1294 344 1339 et
359 1287 467 1338 adultos
483 1291 573 1338 aetate
587 1286 708 1352 virgines
727 1285 899 1338 denudarent

99 1369 182 1432 atque
193 1364 387 1430 perspicerent,
392 1369 525 1429 tanquam
531 1358 674 1412 Thorcnio
686 1375 822 1428 mangone
832 1377 896 1413 ven·
1001 1427 1002 1430 Ἴ

99 1440 188 1490 dente.
228 1436 330 1489 Scribit
345 1438 429 1488 etiam
445 1436 480 1488 ad
495 1437 586 1503 ipsum
596 1433 651 1488 hoc
660 1435 837 1488 familiariter
848 1435 896 1486 ud-

98 1509 160 1577 buc,
172 1511 286 1564 necdum
298 1512 379 1580 plane
389 1512 519 1562 inimicus
530 1517 579 1561 arst
588 1508 690 1564 bostis:
714 1509 786 1574 Quid
799 1519 825 1564 te
839 1527 896 1562 mu·

98 1587 181 1640 tecit?
200 1587 270 1654 quod
278 1587 399 1656 reginam
409 1586 485 1637 ineo?
503 1601 571 1636 uxor
580 1601 640 1638 mea
648 1595 696 1638 est.
725 1583 803 1638 Nune
813 1587 895 1654 coepi,

97 1681 133 1716 en
147 1662 243 1714 abbtnc
257 1677 340 1714 aanor
355 1662 462 1713 novem?
494 1659 535 1711 Tu
551 1660 642 1713 deinde
656 1661 738 1714 solam
747 1658 895 1714 Drusillam

96 1738 166 1789 inis?
175 1736 220 1789 Ita
232 1738 325 1800 valeas,
337 1737 379 1789 uti
388 1746 426 1801 tu,
437 1735 507 1788 banc
517 1735 652 1803 epistolam
663 1751 742 1803 qaum
753 1738 831 1808 leger,
843 1754 895 1788 nou

97 1811 190 1864 inierit
203 1811 359 1874 Tertullam,
375 1820 424 1863 eut
436 1810 619 1875 Terentillam,
635 1810 831 1881 autBuflltom,
848 1820 896 1864 aut

98 1888 214 1940 Salmone
228 1887 407 1951 Titircem'am,
420 1896 469 1940 eut
477 1903 572 1940 omncs.
612 1887 688 1940 Anae
701 1885 799 1956 refert,
813 1887 860 1938 ubi
869 1896 896 1938 et

97 1963 323 2034 inquaerrt‘gas?
547 1965 550 1971 '

154 2041 241 2091 LXX.
263 2041 356 2092 Coena
377 2054 486 2106 quoque
506 2038 565 2088 eius
590 2038 723 2089 secretior
741 2038 771 2088 in
790 2035 893 2090 fabulis

98 2115 165 2178 init,
181 2129 252 2182 quae
261 2114 345 2182 vulgo
361 2109 523 2165 ὄωδικάθεος
538 2112 703 2164 vocabatur:
723 2113 753 2164 in
764 2127 819 2181 qua
829 2113 892 2164 deo-

98 2187 432 2256 rumdearumquebabitu
441 2186 612 2252 discubuisse
623 2187 795 2252 convivas,et
805 2189 893 2254 ipsum

98 2279 150 2332 pro
161 2262 288 2331 Apolline
304 2268 444 2325 ornatum,
465 2276 521 2312 nou
531 2261 645 2314 Antonii
654 2263 738 2314 modo
750 2263 892 2330 epistolae,

100 2339 271 2408 singulormn
281 2339 395 2389 nomina
406 2336 577 2388 amarissime
588 2338 785 2400 enumerantis,
798 2353 892 2406 expro-

101 2416 190 2480 brant,
202 2413 249 2466 sed
260 2420 287 2464 et
297 2413 356 2465 sine
367 2418 479 2463 auctore
489 2411 629 2464 notissimi
637 2427 745 2464 versus:

140 2491 227 2556 Quum
233 2487 350 2556 primum
359 2486 470 2538 istorum
480 2487 608 2539 conduxit
615 2503 705 2539 mensa
715 2487 870 2558 choragum,

175 2565 276 2632 Sexque
287 2565 347 2615 deos
356 2561 424 2614 cidit
433 2558 535 2625 Mallio,
547 2578 642 2629 sexque
652 2562 731 2624 dean

138 2639 224 2707 Impia
235 2640 296 2691 dum
307 2638 409 2690 Phoebi
419 2636 518 2689 Caesar
526 2637 663 2692 mendacia
674 2639 749 2702 tectis,

174 2713 246 2770 Dum
256 2730 323 2769 noea
333 2714 452 2767 divorum
462 2721 556 2767 coenat
564 2713 710 2766 adulteria:
