2050 3034
114 243 165 297 18⁰
389 245 416 294 C.
441 241 644 293 SUETONH'

114 389 174 425 rum
184 371 296 440 ingenia
306 369 454 438 superavit,
461 373 629 421 commentas
638 381 741 419 novum
748 365 917 420 balnearum

112 463 206 513 usum,
217 446 458 514 portentosissima
471 459 572 513 genera
583 444 708 495 ciborum
719 449 802 511 atque
812 459 917 496 meua·

113 538 188 585 rnm3
207 529 240 573 ut
250 521 348 573 calidis
358 520 521 588 frigidisque
531 519 677 587 ungnentis
687 519 840 583 lavaretur,
850 535 916 587 pre-

114 599 281 651 tiosissimas
301 596 466 663 margaritas
487 601 566 647 aceto
587 593 752 662 liquefactas
776 595 916 658 sorberet,
1012 580 1013 614 i

115 674 238 727 convivis
252 687 285 722 ex
301 686 370 721 auro
388 685 473 738 panes
493 676 521 721 et
541 671 659 722 obsonia
679 676 844 738 apponeret,
864 677 919 722 ut
1012 663 1013 730 j

107 748 192 822 frugi
205 746 335 798 bominem
349 754 544 812 correptorem,
557 745 695 809 dictitans,
706 743 914 797 autCaeeeren.

116 824 187 884 Quin
208 827 236 872 et
248 835 373 872 nummos
386 836 442 872 uon
456 821 604 872 mediocris
618 835 740 872 summae
759 836 775 871 e
793 819 913 889 fastigio

113 897 248 948 basilicae
267 895 354 947 iuliae
373 911 422 964 per
437 897 545 962 aliquot
558 897 618 948 (lies
632 895 735 962 sparsit
747 895 776 945 in
790 895 912 961 plebem.

113 973 274 1024 Fabricavit
287 978 315 1022 et
329 970 439 1023 decores
453 972 632 1036 Liburnicas,
652 971 797 1037 gemmatis
810 971 912 1038 puppi-

113 1048 174 1112 bus,
184 1046 400 1099 versicoloribus
409 1047 490 1110 velis,
502 1062 602 1114 magua
610 1045 777 1097 thermarum
787 1051 816 1096 et
823 1046 914 1112 porti-

115 1139 195 1174 cuum
205 1129 233 1174 et
241 1123 426 1173 tricliniorum
437 1121 807 1190 laxitate,magnaqueetiam
812 1120 913 1172 vitium
1012 1159 1013 1164 ,

114 1204 142 1249 et
155 1197 496 1268 pomiferarnmvarbornm
510 1198 657 1248 varietate:
678 1196 777 1262 quibus
792 1195 913 1246 discnm-
1012 1219 1013 1252 3

113 1274 181 1325 bens
192 1272 225 1324 de
236 1273 281 1324 die
294 1273 367 1323 iuter
381 1271 481 1323 cboros
496 1287 529 1322 ac
542 1269 721 1339 symphonias
735 1270 821 1322 litora
831 1271 913 1321 Carn-

113 1348 213 1414 paniae
224 1353 390 1415 peragraret.
421 1348 452 1397 ln
462 1346 695 1398 exstructionibus
705 1345 913 1412 praetoriorum

114 1423 346 1510 atquevillarumg
367 1423 443 1473 omni
456 1423 564 1474 ratione
574 1420 746 1488 posthabita,
766 1418 838 1470 nibil
850 1426 911 1472 tam

113 1499 220 1549 efficere
230 1499 454 1562 concupiscebat,
475 1511 555 1563 quam
567 1497 641 1564 quod
651 1511 734 1564 posse
743 1495 817 1547 effici
825 1510 911 1563 nega-

112 1579 197 1624 retur.
235 1572 272 1622 Et
284 1573 375 1622 iactae
389 1573 483 1637 itaque
498 1571 585 1622 moles
598 1570 700 1622 infesto
716 1585 750 1622 ac
767 1569 910 1637 profundo

112 1649 225 1711 mari‚et
234 1647 343 1697 excisae
352 1659 434 1711 rupes
445 1645 587 1696 durissimi
596 1645 822 1712 silicis‚eteampi
830 1661 910 1698 mou-

111 1723 186 1772 tibus
201 1735 300 1787 aggere
315 1721 440 1787 aequati,
461 1725 489 1772 et
503 1721 679 1788 complanata
692 1720 810 1772 fossuris
829 1736 910 1773 uron-
1012 1765 1013 1790 p

112 1796 181 1848 tium
192 1797 266 1862 iuga,
277 1795 434 1846 incredibili
444 1794 554 1863 quidem
565 1795 803 1865 celeritate,qnum
812 1811 911 1848 morae

113 1871 434 1939 culpacapitelneretnr.
471 1871 510 1922 Ac
519 1886 553 1923 ne
564 1870 674 1938 singula
683 1886 848 1936 enumerem,
858 1873 912 1922 im·

111 1961 220 1999 mensas
230 1961 297 2014 opes
308 1953 450 2016 totumque
463 1945 533 1997 illud
544 1945 652 1998 Tiberii
662 1946 803 2011 Caesaris,
822 1946 911 1998 uicies

112 2039 145 2073 ac
159 2023 260 2088 septies
270 2023 371 2074 millies
381 2022 550 2085 sestertium,
565 2035 620 2072 nou
630 2025 691 2073 toto
701 2027 825 2074 vertente
835 2037 910 2073 auno

112 2098 272 2164 absumpsit.

166 2171 319 2222 xxxviii.
339 2171 496 2224 Exhaustus
505 2173 591 2238 igitur
604 2178 687 2240 atque
700 2186 796 2239 egens,
818 2173 855 2224 ad
864 2187 910 2223 ra-

110 2247 190 2313 pinas
201 2248 336 2298 convertit
345 2249 479 2312 animmn,
499 2248 578 2299 vario
594 2253 622 2299 et
631 2247 851 2314 exquisitissimo
863 2263 909 2298 ca-

110 2322 274 2372 lrrmuiarum
285 2328 313 2372 et
323 2323 481 2374 auctionum
492 2328 520 2374 et
528 2321 705 2391 vectigalium
714 2336 823 2389 genere.
853 2322 909 2374 Ne·
1012 2301 1013 2352 ἶ

109 2398 205 2463 gabat,
226 2397 286 2447 iure
297 2397 435 2448 civitatem
447 2397 599 2448 Romanam
608 2412 744 2464 usurpare
754 2412 817 2461 eos,
838 2413 907 2466 quo-

109 2487 168 2522 rum
180 2472 300 2524 maiores
311 2472 366 2523 sibi
376 2474 548 2540 posterisque
559 2489 619 2524 eam
629 2474 836 2541 impetrassent,
851 2473 909 2523 nisi
1012 2499 1013 2520 r

110 2547 161 2596 tilii
171 2554 274 2598 essent:
287 2549 458 2615 nequeenim
467 2549 586 2616 intelligi
596 2548 695 2600 debere
701 2557 823 2615 postem
830 2547 908 2599 ultra

109 2617 181 2672 huuc
195 2621 323 2688 gradum:
348 2625 513 2693 prolataque
523 2623 658 2674 Diuorum
668 2622 734 2674 inlu
747 2629 775 2675 et
788 2623 910 2691 Augusti

110 2691 270 2760 diplomata,
281 2705 313 2749 ut
321 2706 414 2752 vetera
424 2706 452 2752 et
462 2699 597 2764 obsoleta,
609 2699 727 2751 delebat.
765 2697 910 2766 Arguebat

109 2773 137 2818 et
147 2781 288 2838 perperam
299 2773 391 2826 editos
402 2791 511 2842 census,
523 2775 623 2848 quibus
632 2779 731 2846 pom
742 2787 908 2852 ‘lumin‘
1012 2783 1013 2786 Ἴ
