2050 3034
19 2883 21 2908 l

273 253 473 306 eunomus.
511 259 588 306 cnm
608 259 689 306 n-s.
829 251 878 306 197
907 236 910 240 ’

75 393 133 452 qao
150 381 252 434 certius
268 388 465 451 cognoscatur,
487 383 580 452 capita
598 382 736 449 exipsius
752 379 878 448 epistolis

73 473 168 524 poem.
581 469 586 478 ¹

133 530 183 582 IV.
206 530 353 585 Collocutus
363 549 420 585 sum
431 549 489 586 cum
502 532 616 595 Tiberio,
627 541 659 584 ut
668 529 808 591 mandasti,
821 543 878 580 mea

76 606 171 668 Livia,
193 606 258 672 quid
270 607 360 674 nepoti
373 617 419 660 tuo
437 607 543 659 Tiberio
551 607 710 679 faciendum
725 613 792 657 esset
810 603 877 654 burlis

77 678 259 732 Martialibus.
300 681 438 734 consentit
446 693 534 736 autem
544 692 652 751 uterque
663 690 789 743 nostrum,
801 681 879 731 semel

76 755 154 806 nobis
164 771 218 806 esse
228 759 403 821 statuendum,
411 759 481 825 quod
489 757 624 810 consilium
634 758 662 810 in
673 757 716 810 illo
727 771 874 824 sequamur.

78 829 150 881 Nam
161 830 185 881 si
195 840 234 882 est
242 826 341 897 ἄρτιος,
351 841 385 895 et,
397 841 429 884 ut
437 832 477 885 ita
488 833 582 897 dicam,
595 829 750 898 ὁλόκληρος,
764 830 829 899 quill
838 839 877 882 etl

78 905 151 972 quod
165 905 323 970 actitemus,
345 907 408 974 quin
417 924 467 975 per
482 909 581 966 cosulem
596 906 721 959 articulos
736 917 763 959 et
774 903 876 976 gradus
961 965 965 970 1

75 979 261 1047 producendus
275 982 321 1044 sit,
339 998 390 1049 per
403 998 467 1050 quos
475 982 570 1053 frater
586 981 640 1032 eius
651 982 796 1048 productus
795 979 877 1069 fuiti

80 1055 129 1106 ss'n
144 1064 233 1107 aulem
247 1051 418 1119 ἦλαττῶσθαι
429 1057 554 1109 sentimus
565 1072 635 1119 eum,
659 1054 703 1103 aab
721 1054 877 1117 ssrfllaobou

79 1125 165 1184 roaisio
175 1125 224 1193 τὴν
233 1131 281 1178 τοῦ
291 1127 408 1189 σώματος
418 1131 462 1180 καὶ
471 1128 506 1186 εἷς
515 1127 564 1196 τὴν
572 1133 619 1196 τῆς
628 1131 712 1196 ψυχῆς
721 1125 876 1196 ἀρτιότητα»

76 1205 229 1274 praebenda
240 1203 353 1259 neuterio
364 1206 500 1259 derielemli
508 1217 535 1259 et
544 1208 616 1259 illum
627 1216 654 1258 et
662 1223 709 1258 nos
718 1221 771 1257 non
782 1214 821 1257 est
830 1205 875 1257 bo·

78 1276 244 1348 minibusstgis
254 1281 366 1329 τοιαῦτα
378 1277 504 1330 σκώπτειν
515 1281 558 1330 καὶ
568 1276 733 1348 narrabitur
744 1276 875 1329 εἰωθόσιν.

80 1353 152 1405 Nam
163 1371 263 1422 smnper
273 1355 461 1420 aestuabimus,
483 1357 507 1407 si
520 1359 551 1408 de
560 1356 672 1426 singulis
682 1355 802 1408 articulis
813 1363 876 1408 tem-

76 1445 175 1500 porum
190 1429 399 1494 deliberabimus,
420 1427 456 1496 μὴ
471 1429 694 1498 προίῐποκείμενον
708 1427 783 1498 ἡμῖν,
800 1448 877 1499 posse

80 1503 245 1556 arbitremur
255 1521 313 1556 eum
321 1523 415 1575 gerere
429 1506 539 1559 bonores
553 1523 640 1560 necne.
680 1505 713 1559 In
724 1509 878 1574 praesentio

79 1590 171 1631 tumen
182 1580 274 1646 quibus
284 1581 315 1631 de
325 1581 400 1632 rebus
412 1583 535 1652 consulis,
552 1599 646 1635 curare
656 1598 714 1634 eum
724 1581 791 1633 ludis
801 1579 877 1632 Mar-

80 1654 190 1706 tiolibus
201 1655 345 1706 triclinium
356 1657 531 1720 sacerdotum,
553 1675 605 1709 nou
620 1657 738 1726 displicet
747 1657 833 1721 nobis,
855 1656 879 1708 si

80 1739 268 1798 estpossurus,
284 1746 311 1782 se
321 1731 353 1781 ab
366 1729 528 1802 Silanifilio‚
545 1731 648 1783 bomine
662 1733 713 1784 sibi
721 1732 815 1803 affini,
830 1735 876 1784 ad-

78 1805 191 1868 moneri,
203 1823 235 1856 ne
245 1805 411 1876 quidfaciat,
424 1806 494 1873 quod
503 1806 652 1873 conspiciet
663 1807 778 1858 derideri
782 1809 875 1874 possit.

80 1879 208 1946 spectare
219 1897 277 1932 eum
288 1879 421 1933 Circenses
432 1897 463 1932 ex
469 1880 616 1947 puluinari,
637 1898 689 1932 nou
695 1883 786 1948 placet
793 1881 875 1932 nobis.

78 1953 227 2022 Expositus
241 1955 309 2006 enirn
322 1955 350 2007 iu
361 1955 450 2023 prima
454 1955 550 2027 fronte
561 1955 766 2023 spectaculorum
776 1955 876 2022 conspi-

81 2030 177 2082 cietur.
217 2029 250 2082 In
260 2029 391 2082 Albanum
401 2041 514 2083 montem
524 2030 564 2082 ire
575 2046 645 2094 eum,
666 2047 719 2082 non
729 2033 819 2100 placet
831 2048 876 2082 no-

80 2103 128 2167 bis,
140 2113 190 2156 aat
199 2120 253 2156 esse
262 2103 362 2156 Romae
373 2105 533 2158 Latinorum
544 2105 640 2157 diebus.
682 2104 736 2158 Cur
747 2105 814 2157 enim
825 2123 877 2158 non

76 2179 238 2250 praeficitur
252 2179 329 2243 Urbi,
351 2179 375 2230 si
379 2189 467 2247 potest
469 2181 589 2253 fratrem
600 2197 674 2233 suum
684 2182 758 2249 sequi
766 2181 794 2234 iu
805 2197 877 2234 mou·

81 2255 150 2306 tem?
188 2253 279 2307 Habes
293 2263 410 2318 nostras,
431 2255 591 2319 mealioia,
612 2258 768 2321 sententias,
785 2258 878 2324 quibus

78 2331 168 2396 placet
173 2332 253 2381 semel
261 2330 291 2380 de
302 2339 359 2382 tota
369 2347 398 2381 re
408 2330 509 2397 aliquid
517 2332 649 2395 constitui,
657 2350 689 2384 ne
699 2349 798 2399 semper
808 2332 879 2382 inter

80 2421 150 2471 spem
166 2414 194 2456 et
211 2413 308 2456 metam
320 2404 488 2475 fluctuemus.
527 2406 632 2458 Licebit
645 2417 744 2468 autern,
766 2407 790 2456 si
803 2406 877 2466 uoles,

81 2479 216 2531 Antoniae
236 2495 337 2546 quoque
356 2487 462 2531 nostrae
482 2482 525 2531 des
546 2479 614 2532 banc
630 2490 735 2548 portem
756 2480 879 2547 epistolae

80 2553 159 2606 bam·
179 2555 326 2624 legendam.
369 2553 474 2606 Rursus
495 2555 589 2606 alteris
609 2555 709 2605 literis:
743 2552 878 2606 Tiberium

80 2630 271 2682 adolescentem
281 2646 330 2699 ego
340 2645 408 2692 uero,
421 2629 481 2679 dum
492 2637 521 2679 tu
532 2628 626 2689 aberis,
638 2627 754 2694 quotidie
763 2627 879 2680 inuitabo

80 2705 117 2755 ad
125 2719 244 2767 coenam,
256 2721 288 2755 ne
298 2705 365 2756 solus
376 2711 467 2756 coenet
475 2717 534 2754 curn
544 2718 589 2752 seso
602 2701 715 2768 Subsicio
726 2711 753 2754 et
762 2701 878 2755 Atbeno·

81 2780 163 2846 doro,·
183 2777 232 2848 qui
245 2779 332 2831 uellem
348 2777 499 2850 diligentius
511 2787 537 2831 et
546 2775 631 2829 rniuus
641 2773 771 2844 μετεώροις
783 2776 880 2848 delige·
