2026 3020
131 251 163 304 68
407 251 434 295 G.
460 248 650 296 SUETONll

132 393 184 444 que
204 390 285 428 sexus
305 369 448 443 prohibuit
460 373 547 424 ullum
560 377 723 424 nocturnum
739 372 927 439 spectandum

131 451 374 520 frequentaturos
386 465 447 501 cum
457 449 552 516 aliquo
563 449 669 499 maiore
678 453 746 498 natu
756 449 926 516 propinquo.

131 545 200 579 rum.
240 526 408 593 Compitales
423 524 510 576 Lares
532 539 630 575 ornare
649 524 693 575 bis
712 523 742 574 in
758 537 830 574 anno
845 525 924 574 insti-

130 604 195 666 tuit,
213 601 306 653 ‘vernis
320 601 435 660 floribus
450 605 478 650 et
492 599 612 650 aestivis.
650 597 810 650 Proximum
832 613 850 648 a
870 599 924 650 diis

128 676 331 729 immortalibus
346 673 477 727 honorem
492 674 640 725 memoriae
656 673 755 724 ducum
774 673 923 740 praestitit,

131 753 179 819 qui
191 751 336 817 imperium
352 750 448 817 populi
462 749 581 820 Romani
596 763 629 800 ex
643 748 757 800 minimo
773 749 925 800 maximum

130 826 323 879 reddidissent.
358 825 454 892 ltaque
464 829 492 875 et
503 839 587 890 opera
599 824 738 892 cuiusque,
749 825 924 876 manentibus

130 901 233 965 titulis,
249 901 382 951 restituit:
403 904 430 950 et
445 903 551 949 statuas
563 900 684 950 omnium
697 897 859 965 triumphali
868 900 925 950 effi-

131 977 175 1044 gie
189 976 219 1026 in
233 980 349 1042 utraque
359 974 416 1024 lori
430 974 474 1024 sui
488 974 598 1040 porticu
612 972 763 1037 dedicavit,
784 973 925 1040 professus

132 1051 236 1116 edicto,
248 1059 420 1102 commentum
429 1048 459 1100 id
467 1065 505 1111 se,
517 1058 549 1100 ut
557 1048 660 1100 illorum
670 1049 785 1100 velutad
794 1052 926 1116 exemplar

133 1126 230 1193 etipse,
242 1126 304 1176 dum
313 1125 420 1186 viveret,
434 1122 659 1190 etimequentium
668 1131 786 1174 aetatum
792 1121 927 1191 principes

100 1191 108 1211 '
133 1201 303 1270 exigerentur
327 1216 345 1249 u
364 1199 470 1250 civibus.
513 1198 639 1265 Pompeii
663 1213 771 1266 quoque
795 1205 925 1263 statuam,

134 1281 230 1328 contra
243 1274 347 1327 theatri
360 1274 419 1326 eius
433 1273 552 1340 regiam,
572 1289 727 1325 marmoreo
742 1272 809 1325 lano
825 1289 927 1341 suppo·

134 1353 202 1413 suit,
217 1351 380 1401 translatam
390 1364 405 1400 e
417 1349 507 1413 ouria,
518 1349 547 1398 in
558 1364 613 1415 qua
624 1349 654 1400 G.
667 1349 768 1400 Caesar
778 1347 871 1400 luerat
882 1365 927 1401 oc·

134 1439 216 1476 orsus.

189 1499 304 1552 XXXll.
319 1499 454 1566 Pleraque
464 1499 578 1566 pessimi
587 1499 704 1566 exempli
715 1499 843 1564 correxit,
856 1506 928 1566 quae

133 1576 319 1644 in-perniciem
331 1575 482 1641 publicem,
494 1579 543 1624 aut
553 1589 586 1625 ex
597 1575 792 1626 consuetudine
803 1574 928 1626 licentia·
942 1599 944 1604 ·

134 1667 186 1720 quc
206 1651 342 1704 bellorum
363 1649 483 1700 civilium
499 1648 676 1715 duraverant,
697 1655 746 1700 aut
763 1665 812 1716 per
831 1664 929 1716 pacem

134 1728 217 1778 etiam
227 1725 398 1776 exstiterant.
436 1723 507 1774 Nam
518 1729 545 1776 et
559 1729 747 1790 grassatorum
757 1723 870 1791 plurimi
880 1741 928 1792 pa-

133 1801 187 1850 lam
209 1815 238 1851 se
257 1799 383 1852 serebant
401 1799 534 1850 succincti
552 1798 640 1862 ferro,
665 1800 746 1866 quasi
770 1799 866 1850 tuendi
886 1801 930 1850 sui

134 1890 231 1927 causa:
257 1880 284 1926 et
303 1875 377 1941 rapti
391 1889 439 1941 per
453 1889 536 1942 agros
550 1873 672 1925 viatores
687 1875 746 1926 sine
760 1873 928 1939 discrimine,

133 1951 214 2002 liberi
225 1951 358 2016 servique,
365 1949 510 2016 ergastulis
520 1963 710 2016 possessorum
721 1949 928 2015 supprimeban-

132 2033 189 2077 tur:
210 2031 237 2078 et
250 2026 384 2093 plurimae
400 2024 549 2084 factiones,
568 2023 650 2074 titulo
666 2023 778 2090 collegii
790 2025 869 2087 novi,
893 2025 928 2074 ad

133 2101 235 2152 nullius
255 2115 311 2151 non
333 2099 467 2150 facinoris
491 2098 650 2149 societatem
676 2099 797 2149 coibant.
838 2098 928 2165 Igitur

133 2180 318 2240 grassatores,
341 2173 484 2238 dispositis
499 2188 548 2237 per
558 2178 715 2238 opportune
725 2173 788 2224 loca
798 2175 928 2224 stationi-

133 2251 193 2311 bus,
204 2246 337 2308 inhibuit;
357 2247 684 2313 ergastrdarecognovit;
704 2247 836 2314 collegis,
848 2263 928 2315 prae-

132 2331 174 2374 ter
190 2323 304 2388 antiqua
318 2326 346 2372 et
359 2321 495 2388 legitime,
517 2320 657 2384 dissolvit3
680 2322 791 2373 tabulas
805 2329 928 2380 veterum

134 2398 236 2448 aerarii
246 2396 413 2460 debitorum,
427 2396 471 2447 vel
485 2397 662 2463 praecipuam
673 2397 861 2449 calumniandi
871 2414 929 2450 mu-

132 2474 243 2535 teriam‚
265 2471 381 2533 exussit3
401 2471 465 2522 loce
474 2471 503 2522 in
514 2472 586 2522 Urbe
600 2471 711 2537 publica
724 2473 793 2522 iuris
805 2474 930 2541 ambigui

131 2546 338 2616 possessoribus
363 2545 542 2598 adiudicavit.
581 2546 782 2598 Diuturnorunr
806 2563 928 2613 reorum,

133 2630 160 2674 et
170 2637 202 2674 ex
214 2637 330 2689 quorum
341 2620 470 2672 sordibus
479 2619 549 2672 nihil
559 2620 636 2672 abud
646 2636 728 2689 quam
738 2621 867 2689 voluptas
876 2623 929 2674 ini-

132 2698 211 2747 micis
222 2702 410 2764 quaereretur,
421 2697 534 2748 nomina
545 2695 678 2760 abolevit,
695 2697 854 2750 conditione
864 2714 929 2765 pro-

133 2771 239 2838 posita,
254 2777 297 2837 ut,
317 2772 342 2822 si
352 2787 431 2838 quem
443 2773 504 2840 quis
514 2777 635 2838 repetere
646 2771 741 2837 vellet,
762 2787 812 2839 per
821 2775 930 2839 pericu·
