2044 3028
195 885 225 938 C.
254 883 484 938 SUETONll
516 884 815 947 TRANQUILLI

288 1046 435 1092 LIBER
475 1044 718 1092 OCTAVUS.

117 1190 264 1256 arros
297 1189 516 1255 rnnvrus
547 1187 888 1254 nournmuus
988 1217 991 1225 -

425 1365 588 1374 ——.-—

426 1377 589 1386 -n--u—-n—

157 1507 179 1558 l.
200 1481 392 1563 Domitianus
412 1519 493 1564 natus
507 1518 549 1564 cst
563 1512 611 1562 lX.
626 1510 768 1562 Kalendas
782 1510 900 1563 Novem·

11 1645 12 1648 Ἴ
99 1585 167 1648 bris,
179 1589 257 1652 patre
269 1589 380 1640 consule
391 1589 544 1656 designato,
556 1589 715 1655 inituroque
726 1603 817 1638 mense
828 1587 899 1638 inse-

100 1660 198 1727 quenti
207 1659 352 1728 honorem,
364 1665 477 1732 regione
487 1665 570 1715 Urbis
581 1669 672 1728 sexta,
685 1663 720 1714 ad
730 1663 836 1716 Malum
846 1661 900 1712 Pn-

11 1739 13 1784 ?
99 1736 202 1808 uicum,
210 1737 302 1801 domo,
313 1755 394 1805 quam
404 1744 501 1805 postea
511 1741 540 1790 in
550 1739 681 1808 templum
691 1739 780 1806 gentis
785 1739 900 1790 Flaviae

11 1851 12 1882 ³
101 1813 246 1865 convertit.
285 1813 442 1865 Pubertatis
458 1831 491 1864 ac
500 1815 606 1881 primae
617 1814 822 1866 adolescentiae
832 1819 899 1864 tcm-

98 1902 172 1954 pora
190 1893 269 1939 tanto
283 1889 380 1956 inopia
393 1894 525 1956 tantaque
538 1888 656 1941 infamia
670 1889 789 1954 gessisse
802 1887 898 1951 fertur,

98 1970 131 2012 at
151 1962 258 2014 nullum
276 1979 325 2015 vas
346 1972 504 2032 argenteum
518 1966 548 2014 in
562 1979 615 2014 usu
629 1961 755 2014 haberet:
777 1963 899 2030 satisque

100 2044 224 2103 constat,
241 2039 367 2091 Clodium
378 2039 547 2104 Pollionem,
568 2038 739 2106 praetorium
748 2037 850 2101 virum,
870 2037 900 2088 in

99 2129 182 2180 quem
202 2119 244 2164 est
257 2117 357 2183 poema
372 2115 500 2180 Neronis,
521 2115 596 2183 quod
616 2114 777 2165 inscribitur
790 2111 897 2176 mocio,

98 2187 315 2257 chirographum
335 2191 394 2241 eius
418 2205 608 2254 conservasse,
633 2195 661 2241 ct
683 2203 897 2257 nounnunquam

94 2264 261 2332 protulisse,
282 2271 390 2317 noctem
409 2267 465 2318 sibi
484 2265 654 2334 pollicentis:
678 2281 730 2316 nec
744 2264 897 2328 defuerunt,

96 2341 147 2406 qui
158 2340 338 2406 affirmarent,
362 2348 520 2410 corruptum
530 2341 722 2393 Domitianum
732 2347 760 2392 et
770 2355 787 2392 a
797 2339 897 2404 Nerva,

95 2429 259 2467 successore
273 2431 337 2468 mox
357 2433 417 2468 suo.
456 2417 536 2468 Bello
550 2415 702 2468 Vitelliano
725 2415 850 2482 confugit
867 2415 897 2466 iu

96 2490 269 2558 Capitolium
281 2507 341 2542 cum
352 2499 451 2559 patruo
464 2491 567 2544 Sabino
580 2508 613 2544 ac
622 2497 700 2560 parte
710 2491 896 2560 praesentium

96 2566 255 2633 copiarum:
276 2568 323 2618 sed
333 2568 548 2634 irrumpentibus
559 2567 734 2631 adversariis,
746 2572 774 2618 et
784 2566 897 2620 ardente

93 2641 215 2708 templo,
238 2643 311 2708 apud
327 2643 466 2694 aedituum
482 2643 553 2693 clam
567 2641 753 2710 pernoctavit3
774 2655 896 2695 acmune

92 2715 182 2766 Isiaci
193 2716 297 2768 celatus
308 2716 418 2783 habitu,
433 2719 559 2785 interque
570 2716 743 2769 sacrificulos
753 2731 841 2769 ranae
851 2733 895 2770 su-

92 2791 284 2858 perstitionis,
305 2808 388 2860 quum
402 2810 432 2845 se
442 2800 519 2845 trans
530 2793 654 2845 Tiberim
666 2793 701 2844 ad
713 2793 897 2862 condiscipuli

93 2865 142 2917 sui
161 2867 276 2918 matrem
297 2870 396 2922 comite
415 2885 470 2924 uuo
492 2869 666 2934 contudisset,
690 2869 731 2920 ita
751 2869 844 2936 latuit¹
864 2875 897 2924 ut

639 2962 689 2996 uo
