2050 3034
283 223 538 272 ocTAVlANUs.
576 229 793 276 CAP.86-90.
888 235 938 282 lbi

178 341 348 396 mxxxix.
368 345 409 397 Ne
422 345 590 399 Graecarum
607 349 716 415 quidem
728 351 936 419 disciplinarum

130 419 240 468 leviore
250 418 345 471 studio
355 422 512 484 tenebatur3
532 423 561 473 in
578 424 678 491 quibus
693 430 721 474 at
734 425 803 492 ipsis
814 438 936 494 praesta-

129 493 182 542 bat
191 492 322 558 largiter,
343 495 476 562 magistro
492 497 602 548 dicendi
611 513 677 549 usus
687 499 860 566 Apollodoro
872 504 936 556 Per-

129 581 264 633 gameno,
287 583 367 636 quem
381 570 438 620 iam
452 573 582 637 grandem
597 579 665 624 natu
674 573 852 640 Apolloniam
868 595 935 646 quo.

131 656 187 708 que
198 657 292 692 secum
303 642 338 694 ab
348 643 422 696 Urbe
432 645 539 696 iuvenis
550 645 640 698 adhuc
650 649 792 701 eduxerat.
826 651 935 705 Deinde

131 717 217 766 etiam
229 715 385 769 eruditione
395 720 474 771 var-ia
483 721 604 789 repletus
619 729 660 774 est
673 740 722 790 per
731 725 796 776 Arei
810 725 934 794 philoso-

129 787 182 856 phi
190 791 368 859 liliorumque
379 795 450 858 eius,
471 793 604 862 Dionysii
618 803 645 849 et
654 799 816 864 Nicanoris,
837 809 934 854 contn-

129 865 272 929 bernium,
292 883 349 918 non
359 873 450 920 tamen
460 876 492 920 nt
503 877 550 921 aut
560 871 719 940 loqueretur
730 877 869 942 expedite,
885 885 934 929 aut

130 955 299 1007 componere
311 942 416 1010 aliquid
428 945 550 996 auderet.
589 945 661 998 Nam
672 955 699 999 et
708 950 733 999 si
744 951 811 1018 quid
820 967 864 1002 res
876 950 933 1004 exi-

128 1020 216 1080 geret,
229 1015 314 1068 latine
325 1015 473 1083 formabat,
483 1019 697 1088 uertendumque
708 1023 759 1072 alii
769 1023 862 1078 dabat.
878 1027 933 1078 Sed

128 1088 213 1155 plane
223 1093 382 1157 poematum
392 1109 502 1162 quoquc
511 1107 567 1144 non
578 1095 731 1163 imperitus,
744 1096 934 1152 delectabatur

128 1164 215 1214 etiam
227 1165 481 1233 comoediavcteri‚
497 1174 525 1220 et
539 1185 621 1238 saepe
636 1167 697 1221 eam
708 1169 833 1223 exhibuit
842 1174 932 1241 publi-

128 1238 171 1288 cis
181 1240 357 1306 spectaculis.
395 1242 426 1293 ln
437 1243 596 1295 evolvendis
606 1246 750 1314 utriusque
760 1246 872 1314 linguae
884 1265 930 1301 au-

127 1313 255 1365 ctoribus
274 1312 346 1366 nihil
365 1331 451 1385 aeque
470 1320 641 1384 sectabatur,
662 1335 746 1388 quam
765 1321 890 1390 exempla
905 1331 933 1375 et

126 1394 279 1458 praecepta
297 1389 408 1458 publica
427 1392 472 1444 vel
484 1395 614 1459 privatim
628 1395 765 1459 salubria3
790 1412 878 1465 eaque
895 1398 930 1449 ad

126 1464 242 1514 verbum
253 1470 394 1532 excerpta,
416 1473 464 1518 ant
474 1467 511 1518 ad
521 1468 700 1534 domesticos,
722 1478 770 1531 ant
780 1473 816 1522 ad
826 1475 930 1524 exerci-

128 1543 207 1587 tuum
216 1539 475 1610 provinciarumque
485 1549 620 1607 rectores,
642 1549 691 1594 aut
704 1545 740 1594 ad
750 1545 832 1595 Urbis
843 1549 930 1612 magi-

129 1615 233 1664 stratus
242 1613 405 1682 plenunque
414 1618 555 1682 mittebat,
570 1625 654 1687 prout
664 1619 765 1687 quique
776 1620 930 1670 monitione

125 1686 292 1754 indigerent.
330 1688 423 1741 Etiam
438 1692 526 1744 libros
539 1699 617 1744 totos
633 1698 660 1745 et
674 1693 783 1744 senatui
792 1693 929 1757 recitavit,

127 1767 157 1813 et
165 1763 270 1830 populo
282 1770 365 1815 notos
376 1780 426 1833 per
435 1766 555 1817 edictum
565 1783 648 1834 saepe
658 1765 733 1830 iecit,
745 1774 777 1818 ut
787 1769 929 1819 orationes

129 1836 164 1896 Q.
175 1836 284 1889 Metelli
295 1838 326 1890 dc
331 1841 407 1906 prole
418 1839 550 1908 augenda,
562 1847 589 1892 et
598 1839 698 1890 Rutilii
709 1841 740 1890 de
750 1842 825 1892 modo
836 1841 929 1908 aedifi-

125 1910 229 1962 cionem
232 1929 246 1974 ,·
267 1929 322 1981 quo
338 1915 429 1982 magis
442 1915 633 1980 persuaderet,
648 1918 794 1980 utramque
804 1929 862 1963 rem
872 1930 929 1965 non

125 2001 143 2034 a
154 2001 184 2038 se
193 1987 284 2054 primo
298 1988 531 2051 animadversam,
547 1985 595 2037 sed
611 1985 732 2052 antiquis
742 1986 798 2036 iam
807 1991 875 2036 turm
886 2002 930 2036 cu-

124 2074 175 2112 rae
185 2059 282 2114 fuisse.
312 2062 428 2130 ingenia
439 2061 545 2113 saeculi
555 2059 600 2111 sui
610 2059 737 2110 omnibus
747 2059 839 2110 modis
849 2059 929 2110 fovit.

123 2133 286 2188 Recitantes
297 2143 325 2188 et
333 2138 452 2204 benigne
462 2143 490 2186 et
499 2135 637 2204 patienter
647 2133 747 2197 audiit,
763 2148 813 2184 nec
823 2139 931 2184 tantum

123 2210 250 2262 carmina
271 2217 300 2263 et
318 2209 466 2274 historias,
487 2210 578 2262 sedet
593 2207 734 2261 orationes
748 2214 776 2260 et
790 2207 930 2274 dialogos.

124 2283 266 2353 componi
274 2291 369 2338 tamen
379 2284 488 2353 aliquid
499 2284 533 2335 de
543 2298 586 2346 se,
597 2281 654 2332 nisi
664 2287 691 2332 et
701 2283 774 2334 serio
786 2289 814 2333 et
824 2297 842 2332 a
851 2295 931 2348 prae·

122 2360 315 2424 stantissimis,
328 2358 536 2419 offendebatuu
546 2355 766 2423 admonebatque
776 2359 929 2420 praetores,

120 2448 156 2484 ne
169 2440 335 2503 paterentur
348 2447 450 2486 nomen
465 2446 544 2480 suum
561 2429 803 2480 commissionibus
822 2424 931 2476 obsole-

121 2507 139 2558 fl
155 2510 191 2560 ri.

141 2523 155 2560 e
175 2583 238 2636 XC.
261 2583 345 2634 Circa
364 2577 517 2644 religiones
535 2574 622 2634 talem
642 2571 807 2637 accepimns.
846 2570 931 2620 Toni-

119 2663 184 2709 πω
205 2665 234 2710 ee
253 2657 369 2725 fulgura
388 2649 486 2721 paullo
506 2647 645 2698 infirmius
665 2643 878 2709 expavescebat3
901 2652 932 2695 ut

118 2748 229 2802 semper
251 2737 281 2786 et
300 2732 405 2800 urbique
419 2723 521 2794 pellem
534 2718 617 2770 vituli
630 2717 730 2770 marini
746 2715 933 2768 circumferret
