2036 3022
298 235 508 282 obsumus·
531 237 607 282 GAP.
627 238 666 282 25.
686 240 725 282 26.
862 239 911 290 213

112 359 201 428 quod,
217 358 247 410 in
256 359 404 427 popularia
415 358 538 424 deducti,
560 375 643 426 quum
655 349 911 416 amuradvertissout

111 434 233 488 Parthos
243 435 416 486 etdrmenios
427 435 551 486 sedentes
562 436 590 485 in
602 441 707 499 senatu,
719 436 753 486 ad
765 437 860 488 eadem
870 439 909 489 lo-

113 526 148 562 ca
158 515 257 578 sponte
266 511 443 575 transierant,
448 508 536 562 nihilo
549 511 712 562 deteriorem
723 511 851 562 virtutem
862 521 910 564 aut

113 585 301 636 conditionem
321 601 399 635 suam
418 585 618 652 praedicantes.
658 585 826 638 Druidarum
846 588 909 640 reli-

111 661 224 729 gionem
235 660 307 727 apud
319 659 417 711 Gallos
428 661 504 711 dirae
515 661 704 725 immanitatis,
717 667 745 712 et
754 668 861 713 tautum
872 665 908 714 ci·

110 736 193 788 vibus
213 735 264 785 sub
283 734 406 802 Angusto
431 735 618 806 interdictam,
642 738 751 803 ponitus
777 737 908 790 abolevit.

113 811 231 874 Contra,
252 825 331 861 saera
345 809 488 862 Eleusinia
502 811 585 862 etiam
604 811 754 863 transferre
769 827 802 864 ox
817 813 908 864 Attica

110 885 230 936 Romam
245 891 360 936 conatus
375 891 424 936 est.
463 885 661 952 Templumque
671 888 700 936 in
712 887 809 938 Sicilia
820 887 907 939 Vene-

110 961 152 1012 rls
161 959 312 1026 Erycinae,
327 966 463 1012 vetustate
475 961 640 1026 collapsum,
651 967 683 1010 ut
693 977 725 1010 ox
738 964 845 1013 aerario
859 981 906 1030 po-

110 1035 173 1104 puli
182 1034 301 1086 Romaui
315 1036 484 1099 reficeretur,
506 1041 603 1085 auctor
613 1034 675 1084 fuit.
716 1035 781 1084 Cum
797 1039 908 1102 regibus

110 1111 211 1162 foedus
221 1111 250 1160 in
260 1108 322 1161 loro
333 1111 394 1174 icit,
410 1123 496 1177 porca
507 1123 600 1172 caesa,
618 1125 650 1159 ac
660 1115 750 1161 vetere
761 1109 907 1161 Fetialium

110 1183 287 1255 praefatione
298 1182 431 1236 adhibita.
471 1185 526 1237 Sed
540 1190 567 1234 et
581 1182 649 1234 haec
660 1190 687 1235 et
698 1188 797 1248 cetera,
808 1191 908 1235 totum-

112 1277 165 1328 que
177 1260 247 1312 adeo
259 1265 380 1328 exparte
391 1275 491 1327 magna
501 1259 697 1326 principatum,
719 1275 775 1309 non
790 1265 846 1310 tam
858 1275 908 1311 suo

112 1351 196 1402 quam
205 1350 323 1387 uxorum
334 1336 550 1401 libertorumque
564 1333 679 1385 arbitrio
693 1333 908 1397 administravit;

108 1411 178 1462 talis
187 1410 289 1477 ubique
299 1411 471 1477 plerumque,
492 1409 599 1476 qualem
615 1425 673 1460 esse
689 1425 749 1460 eum
766 1415 814 1461 aut
829 1425 909 1478 erpe-

111 1486 185 1537 diret
193 1484 250 1536 illis
262 1491 309 1536 aut
319 1486 424 1555 liberet.

167 1558 268 1612 xxvl.
290 1559 411 1628 Sponsas
430 1559 578 1612 admodum
594 1559 755 1612 adolescens
770 1559 839 1611 duas
860 1558 907 1610 ha·

109 1635 185 1687 buit:
206 1634 350 1688 Aemiliam
360 1633 508 1704 Lepidam,
520 1635 634 1702 Augusti
647 1640 820 1704 proneptem
840 1635 907 1686 item

109 1710 222 1762 Liviam
232 1709 424 1774 Medullinam,
438 1711 482 1761 cui
492 1715 520 1761 et
530 1725 681 1778 cognomen
694 1710 826 1762 Camillae
837 1715 905 1774 erat,

109 1800 236 1854 agenore
247 1785 360 1852 antiquo
372 1785 517 1836 dictatoris
529 1785 648 1836 Camilli.
687 1784 820 1850 Priorem,
832 1783 907 1853 quod

108 1867 238 1929 parentes
249 1861 308 1911 eius
318 1860 469 1927 Augustum
481 1857 661 1922 offenderant,
671 1859 806 1926 virginem
818 1859 907 1909 adhuc

107 1935 279 2005 repudiavit;
303 1935 486 2003 posteriorem
503 1935 566 2000 ipso
586 1933 644 1996 die,
666 1935 714 1999 qui
729 1939 789 1984 erat
802 1935 906 2001 nuptiis

109 2010 273 2074 destinatus,
285 2025 318 2062 ex
328 2010 486 2062 valetudine
497 2007 599 2059 amisit.
629 2007 737 2058 Uxores
749 2007 847 2060 deiude
858 2008 906 2058 du-

107 2088 151 2137 xit
160 2085 300 2137 Plautiam
309 2084 509 2152 Urgulanillam
515 2123 523 2148 ,
544 2081 718 2151 triumphali,
740 2089 767 2135 et
781 2099 846 2134 mox
856 2084 906 2134 Ae-

107 2161 174 2213 liam
185 2158 320 2224 Petinam,
333 2161 473 2212 consolari
483 2166 569 2228 patre.
609 2159 676 2209 Cum
687 2164 803 2228 utraque
815 2160 905 2210 divor-

105 2239 176 2289 tium
187 2235 266 2299 lscit3
287 2234 336 2286 sed
351 2251 411 2287 cum
422 2234 520 2286 Petina
535 2250 568 2286 ex
578 2232 684 2286 levibus
697 2235 823 2297 offensis3
845 2251 906 2286 cunr

106 2311 282 2380 Urgulanilla
298 2312 332 2363 ob
348 2309 493 2361 libidinum
508 2311 611 2378 probra
626 2316 653 2362 et
662 2308 807 2362 homicidii
817 2310 905 2377 suspi-

107 2389 224 2439 cionem.
264 2383 333 2437 Post
347 2384 396 2436 has
410 2384 552 2436 Valeriam
566 2385 768 2450 Messallinam,
788 2383 906 2436 Barbati

105 2461 256 2514 Messallae
267 2461 427 2513 consobrini
437 2461 481 2510 sui
491 2461 575 2510 liliam
582 2498 589 2525 ,
604 2461 634 2511 in
644 2460 849 2512 matrimonium
861 2473 904 2509 ac·

108 2538 190 2606 cepit.
231 2535 319 2598 Quam
331 2551 414 2603 quum
425 2535 614 2603 comperisset,
631 2551 712 2603 super
727 2540 818 2585 cetera
827 2533 904 2601 flagi-

105 2614 147 2664 tia
158 2617 241 2679 atque
252 2611 402 2674 dedecora,
414 2609 444 2660 C.
457 2609 526 2662 Silio
538 2611 622 2661 etiam
632 2608 772 2674 nupsisse,
789 2608 853 2659 dote
863 2609 904 2658 in-

105 2693 149 2739 ter
159 2687 286 2754 auspices
298 2686 473 2752 consignata,
485 2683 622 2754 supplicio
634 2681 739 2744 affecit3
761 2681 904 2732 confirma·

104 2763 201 2838 vitque
216 2777 268 2835 pro
289 2761 423 2812 concione
444 2759 517 2830 apud
537 2758 744 2831 praetorianos,
768 2755 904 2822 Quatenus
