2044 3028
324 211 369 258 oa
389 213 503 266 opionis
520 207 735 259 misecamus.
879 181 937 274 soi„

132 336 414 400 senatusconsulmm,
435 337 500 388 item
520 337 674 389 censorium
695 333 927 398 edictuomnip-

133 413 214 467 oiam.
255 409 283 462 0.
295 409 401 474 Eooouio
413 411 548 472 sunbona,
561 408 600 463 M.
618 407 722 463 Valerio
733 407 856 465 Messalla
866 425 926 461 con·

131 485 242 550 nulibus,
268 483 307 537 M.
334 486 493 553 Pomponius
512 495 622 553 praetor
646 494 766 542 tunetunc
787 482 924 539 consuluit.

132 561 212 624 Quod
219 555 384 631 cerbusoctu
398 571 461 612 sunt
475 562 505 611 de
513 559 675 628 philosophie
690 569 716 610 et
725 559 881 620 rhetoribus,
894 558 925 610 de

130 652 161 692 oo
181 652 210 686 ro
229 635 269 688 ita
289 645 464 688 censuerunt.-
483 645 513 688 ut
527 633 566 686 M.
579 633 737 702 Pomponius
747 643 857 701 praetor
867 631 924 684 uni·

130 709 316 773 inadverteret,
333 721 501 776 nutaretque,
517 710 559 762 uti
567 710 593 761 ei
601 728 614 762 e
624 709 755 777 republica
759 709 867 784 fideque
877 723 925 765 tua

128 784 275 848 uideretur,
290 794 322 836 ut
335 785 435 836 Bootae
450 803 481 838 ne
492 795 582 838 essent.
621 785 664 837 De
674 786 772 841 iisdem
781 785 924 838 intoxicata

130 869 255 928 tempore
276 861 324 915 Cn.
342 861 483 918 Domitius
502 861 680 912 Aenobarhus
701 872 728 914 et
747 859 781 910 L.
800 859 925 913 Licinius

133 936 249 986 Crassus
261 951 387 988 censores
397 937 438 986 ita
449 936 608 988 edixerunt:
629 934 822 994 Renunciatum
832 943 872 986 est
880 950 925 984 uo-

132 1010 183 1074 bis,
196 1026 249 1062 ecoe
260 1010 383 1073 hototines,
396 1010 442 1077 qui
451 1027 543 1064 novum
551 1026 636 1079 genus
646 1009 797 1076 discipliuae
807 1008 926 1062 institue-

131 1093 203 1150 ruut,
216 1086 253 1152 od
262 1101 324 1152 quos
334 1085 451 1150 iuouotus
461 1085 489 1136 in
499 1087 587 1136 ludum
597 1084 750 1140 conveniat:
771 1100 812 1136 ooo
822 1082 874 1144 tibi
882 1101 927 1136 uo-

132 1177 192 1212 men
211 1159 361 1228 imposuisse
381 1159 492 1212 Latinos
511 1160 652 1212 rhetoras:
671 1159 709 1211 ibi
728 1157 843 1218 homiues
862 1157 927 1210 odu-

132 1237 284 1288 leocentulos
299 1244 367 1288 totos
382 1234 435 1285 dies
450 1235 572 1296 decidere.
613 1233 729 1288 Maiores
750 1233 845 1297 nostri,
862 1250 928 1300 quoe

135 1312 229 1362 liberos
244 1327 302 1360 suos
317 1309 427 1372 discere,
444 1319 470 1362 et
480 1327 542 1378 quos
556 1311 584 1362 in
599 1311 672 1362 ludos
685 1310 754 1362 iture
768 1311 871 1371 oelteuo,
888 1309 928 1361 iu·

134 1385 286 1438 stituerunt.
326 1384 490 1447 Hoecnova,
512 1402 578 1452 piac
592 1394 702 1452 praeter
721 1384 929 1446 consuetudinem

137 1477 281 1514 acutiorem
296 1459 515 1530 ooooiorumfiunt‚
530 1477 612 1530 neque
623 1463 740 1527 placent,
760 1477 842 1526 neque
857 1468 930 1518 recto

136 1537 266 1588 uidentur.
309 1536 476 1604 Quapropter
491 1546 518 1587 et
530 1536 575 1598 iia,
592 1535 639 1602 pui
647 1551 689 1586 eoo
699 1535 771 1586 ludos
781 1535 890 1597 habent,
906 1543 933 1584 et

137 1612 185 1674 iis,
207 1611 254 1677 qui
272 1628 301 1661 eo
320 1611 407 1662 uenire
427 1621 597 1674 contuerunt,
618 1609 720 1671 uidetur
731 1609 888 1680 faciendum
902 1617 932 1660 ut

139 1687 303 1740 ostendamus
314 1695 431 1737 nostrum
441 1687 608 1752 sententium,
620 1685 693 1737 nobis
703 1702 754 1739 uoto
760 1687 874 1752 placere.

194 1761 342 1830 Paullatim
364 1767 392 1817 et
414 1761 476 1827 ipsa
499 1762 575 1812 utilis
595 1759 766 1827 honestaque
785 1760 931 1829 apparuit:

139 1838 271 1904 nandtiqno
283 1853 341 1904 eam
352 1843 380 1888 et
389 1835 523 1903 praesidii
533 1851 631 1888 caussa
641 1842 669 1888 et
678 1835 784 1901 gloriae
796 1835 932 1901 appetive-

138 1921 211 1964 rant.
252 1911 343 1964 Cicero
358 1911 393 1962 ad
411 1916 567 1977 praeditam
581 1926 668 1978 stoque
685 1908 790 1960 Graece
805 1908 932 1962 declami-

139 1989 221 2040 tavit:
232 1986 401 2052 Latinavem
407 1986 500 2037 senior
506 1990 656 2052 quoquaet
666 1984 776 2052 quidem
788 1982 932 2051 cmn[con-

140 2063 261 2132 sudibus]
277 2063 370 2114 Hirtio
382 2068 409 2114 et
418 2060 510 2112 Pansa
521 2079 526 2110 :
539 2077 608 2128 quos
619 2059 770 2124 discipulos
781 2065 808 2110 et
816 2058 933 2126 grandes

139 2143 327 2207 praetextatos
337 2137 465 2188 vocabat.
506 2135 552 2188 On.
565 2134 716 2202 Pompeium
727 2133 838 2202 quidam
849 2132 934 2186 histo-

140 2215 193 2266 rici
202 2212 375 2265 tradiderunt
385 2209 435 2262 sub
445 2213 535 2279 ipsum
547 2211 626 2263 civile
636 2209 746 2274 bellum,
758 2225 812 2276 quo
823 2209 934 2260 facilius

142 2291 171 2340 G.
185 2288 299 2358 Curioni
304 2327 312 2352 ‚
327 2287 532 2354 promptissimo
547 2285 652 2350 iuveni,
667 2299 793 2338 caussam
808 2285 935 2338 Caesaris

142 2363 311 2430 defendenti,
324 2361 535 2426 contradiceret,
547 2363 678 2430 repetisse
689 2360 860 2412 declamandi
871 2376 935 2410 con-

141 2438 330 2491 suetudinem:
351 2435 390 2490 Μ,
406 2436 562 2500 Antonium,
577 2438 643 2488 item
654 2436 815 2504 Augustum,
831 2435 936 2486 ncMu·

141 2514 244 2567 tinensi
254 2512 447 2580 quidem'bello
460 2513 594 2564 omisisse.
619 2510 689 2564 Nero
702 2511 799 2562 Coeoor
809 2517 836 2564 et
846 2511 935 2577 primo

142 2589 253 2658 imperii
262 2587 467 2656 anno,.publice
479 2604 589 2656 quoqne
599 2589 642 2638 bis
654 2594 747 2650 antea,
760 2586 936 2640 declamavit:

142 2664 271 2734 Plerique
286 2669 375 2716 antem
394 2669 535 2716 oratorum
554 2663 637 2714 etiam
651 2661 865 2714 declamationes
880 2663 937 2715 edi·

143 2725 215 2793 dere.
256 2741 348 2804 Quare
361 2755 461 2808 niagno
477 2739 569 2792 stadio
584 2735 741 2790 hominibus
755 2737 870 2804 iniecto,
881 2753 938 2794 ota·
