2036 3022
275 217 385 265 NERO.
422 221 497 268 cnP.
518 225 624 272 22-24
799 231 848 282 239

50 357 91 395 me
102 340 225 395 celeriter
235 343 342 406 reuerti,
359 353 445 396 lernen
456 347 564 400 secedere
574 358 601 401 et
610 359 700 419 optare
706 353 795 422 potius
807 359 848 408 de·

52 420 109 480 bes,
121 426 153 470 ut
164 416 267 472 Nerone
279 419 374 488 dignus
384 431 509 474 reverter.
542 425 675 480 Cantante
686 446 732 494 eo,
743 447 793 483 nee
803 449 847 484 ne-

51 495 178 545 cessaria
189 495 297 560 quidem
309 511 392 547 eausa
403 499 533 551 excedere
542 499 651 554 theatro
662 505 768 557 licitum
779 515 847 559 erat.

49 569 150 638 ltaque
162 574 189 620 et
200 570 296 621 enixae
306 573 440 637 quaedam
454 575 484 625 in
494 579 659 642 spectaculis
670 580 809 648 dicuntur,
822 591 849 635 et

50 645 134 695 multi
147 645 242 696 taedio
255 645 384 698 audiendi
394 649 591 718 laudandique,
604 655 705 706 clausis
718 656 848 726 [oppido-

50 720 127 789 rum]
140 721 240 786 portis,
246 727 294 772 aut
302 720 396 772 fiutim
408 723 552 778 desiluisse
562 727 595 779 de
606 746 694 796 muro,
702 740 750 783 aut
759 741 848 789 morte

51 795 185 846 simulata
200 794 293 846 funere
309 797 384 847 elati.
425 798 514 858 Quam
529 807 618 853 autem
633 808 740 873 trepide
755 812 847 863 anxie-

53 887 105 937 que
121 871 279 934 certaverit,
296 877 400 939 quanta
415 872 634 930 adversariorum]
650 878 845 953 aemulatione,

54 962 108 1012 quo
124 951 200 996 metu
215 946 349 1010 iudicum,
363 949 411 997 vix
426 948 501 998 credi
516 957 615 1015 potest.
649 953 845 1027 Adversarius,

52 1022 132 1088 quasi
144 1021 226 1089 plane
237 1021 403 1072 conditionis
415 1023 545 1088 eiusdem,
558 1027 712 1094 observare,
725 1039 845 1100 captare,

50 1096 187 1148 infamare
199 1102 512 1166 secreto,nonnunquarn
523 1115 555 1150 ex
567 1117 683 1155 occursu
692 1107 846 1161 maledictis

51 1173 202 1235 incessere,
218 1180 250 1222 ac
264 1172 289 1222 si
303 1174 351 1240 qui
365 1178 424 1224 arte
442 1175 650 1243 praecellerent,
672 1197 845 1252 corrumpere

51 1249 134 1299 ctiam
146 1247 263 1298 solebat,
302 1247 408 1298 Iudices
420 1255 522 1318 autem,
534 1251 693 1322 priusquam
704 1257 845 1325 inciperet,

50 1322 268 1374 reverentissime
286 1322 491 1397 alloquebatur,
514 1323 610 1377 onznia
625 1344 650 1378 sc
664 1330 793 1402 faciende
800 1335 846 1407 fe-

50 1398 126 1460 cisse,
143 1398 189 1448 sed
203 1406 320 1448 eventum
333 1397 362 1448 in
376 1414 455 1449 meno
475 1417 529 1450 esse
549 1401 706 1456 Fortunae:
725 1407 794 1473 illos,
816 1421 847 1462 ut

49 1473 180 1541 sapientes
201 1482 228 1523 et
246 1473 334 1524 doctos
353 1473 434 1536 viros,
448 1474 570 1545 fortuitu
585 1477 676 1530 debere
691 1485 845 1536 excludere:

49 1557 147 1616 atque,
163 1554 194 1599 ut
208 1548 331 1610 auderet,
347 1546 533 1614 hortantibus,
551 1556 681 1620 aequiore
697 1560 788 1611 animo
804 1577 844 1611 re·

49 1623 184 1685 cedebat;
206 1638 238 1674 ac
252 1639 285 1674 ne
299 1625 339 1674 sic
355 1625 463 1691 quidem
479 1627 536 1678 sine
557 1629 756 1698 sollieitudine,
765 1636 767 1640 ’
777 1637 844 1686 taci-

49 1700 210 1750 turnitatem
230 1697 415 1767 pudoremque
430 1702 600 1767 quorundam
622 1722 671 1772 pro
689 1709 803 1761 tristitia
818 1718 845 1763 et

47 1774 222 1842 malignitate
234 1789 363 1840 arguens,
375 1781 571 1844 suspectosque
582 1780 636 1830 sibi
647 1782 749 1834 dicens.

104 1846 208 1900 XXIV.
229 1848 259 1898 ln
270 1848 398 1918 certando
410 1865 475 1900 vero
495 1851 536 1899 ita
556 1850 612 1918 legi
632 1857 792 1923 obediebat,
813 1868 844 1910 ut

46 1940 187 1992 nunquam
210 1939 350 1974 exscreare
371 1939 466 1987 ausus,
488 1925 615 1976 sudorem
637 1945 745 1998 quoque
769 1933 842 1985 sron-

46 2003 83 2052 tis
112 1997 229 2051 brachio
255 1999 423 2066 detergeret:
455 2005 536 2066 atque
562 2002 645 2055 etiam
669 2005 698 2054 in
723 2007 842 2073 quodam

46 2077 155 2144 tragico
168 2079 240 2138 actu,
251 2089 332 2141 quum
344 2074 465 2141 elapsum
476 2075 604 2126 baculum
617 2079 671 2130 cito
683 2085 842 2150 resumpsis-

46 2157 102 2216 set,
122 2150 240 2218 pavidus
255 2155 282 2200 et
296 2154 429 2212 rnetuens,
450 2166 484 2199 ne
500 2151 535 2201 ob
551 2151 680 2204 delictum
696 2159 842 2209 certamine

47 2231 276 2288 ammoveretur,
292 2223 438 2274 sonaliter
449 2227 625 2280 confirmatus
636 2237 689 2294 est,
701 2248 783 2299 quam
795 2235 841 2285 ad-

46 2304 155 2353 iurante
166 2299 326 2368 hypocrita,
336 2314 392 2349 non
404 2300 620 2354 animadversum
631 2306 660 2355 id
671 2307 742 2358 inter
753 2311 842 2359 exsul-

46 2378 166 2428 tationes
187 2375 469 2440 succlamationesque
489 2378 593 2443 populi.
633 2379 773 2433 Victorem
795 2399 842 2433 au-

46 2459 100 2502 tem
111 2468 140 2502 se
151 2451 210 2518 ipse
221 2451 434 2516 pronunciabat;
450 2465 505 2515 qua
516 2451 549 2502 de
561 2445 644 2505 causa
655 2463 682 2506 et
692 2459 840 2522 praeconio

46 2529 148 2594 ubique
169 2526 317 2576 contendit.
355 2526 394 2576 Ac
414 2539 446 2574 ne
463 2526 539 2576 cuius
555 2529 668 2580 alterins
689 2530 841 2584 hieronica-

46 2619 107 2654 rum
121 2602 255 2652 memoria
272 2606 319 2651 arrt
332 2599 475 2664 vestigium
496 2608 617 2654 exstaret
634 2619 762 2671 usquam,
779 2609 841 2658 sub-

10 2717 11 2740 ,
46 2677 116 2730 verti
131 2683 159 2728 et
172 2691 243 2727 unco
255 2675 328 2726 trahi
339 2676 477 2741 abiicique
488 2677 516 2725 in
528 2677 643 2728 latrinas
655 2681 775 2732 omnium
786 2688 841 2732 sta·

44 2758 108 2805 tuas
123 2758 150 2805 et
164 2752 298 2820 imagines
312 2751 465 2820 imperavit.
504 2752 647 2820 Aurigavit
658 2771 765 2824 quoque
781 2757 840 2825 plu-
