2026 3020
109 177 144 226 no
219 215 229 252 ‚¹
371 176 609 246 cananeum

111 314 248 369 quoquam
260 306 382 369 reperto,
405 302 452 368 qni
468 317 549 368 super
563 301 615 352 tali
630 300 850 354 consternatione
860 314 903 356 re·

108 375 180 427 ferre
192 381 239 427 ant
250 392 359 428 censere
371 375 478 442 aliquid
489 376 610 440 auderet,
618 377 711 444 qualia
721 377 808 428 multa
819 391 902 445 saepe

107 451 136 501 in
147 450 297 503 levioribus
308 451 396 503 turbis
412 451 522 502 decreta
537 458 625 516 crant,
642 453 741 504 ineam
754 453 845 520 coegit
856 453 901 504 de-

107 527 299 592 sperationem,
310 531 349 590 ut,
362 525 453 593 quoad
464 531 600 594 potestate
612 528 711 592 abiret,
729 527 810 580 donio
823 528 901 578 abdi·

105 606 164 667 tus,
175 599 246 652 nihil
257 600 331 652 alind
344 616 424 668 qnam
435 617 484 668 per
495 600 586 652 edicta
597 603 785 654 obnunciaret.
823 603 900 654 Unus

107 692 140 726 ou
161 693 194 728 eo
214 682 337 743 tempore
353 677 446 726 omnia
461 677 489 726 in
504 677 646 744 republica
662 684 688 729 et
704 678 738 728 ad
755 679 900 728 arbitrium

108 751 323 802 administravit=
347 757 378 801 ut
392 752 518 802 nonnulli
531 753 712 817 inhonorum,
735 769 817 820 quum
834 753 901 820 quid

106 842 155 896 per
165 827 257 877 iocum
267 826 389 877 testandi
402 828 494 894 gratia
505 828 657 895 signarent,
677 844 734 878 non
747 827 859 878 Caesare
876 837 903 880 et

107 899 215 963 Bitala,
237 901 285 952 sed
297 899 364 952 lulio
376 910 403 952 et
413 900 525 954 Caesare
537 903 681 954 consulibus
696 909 787 954 actum
799 904 901 955 scribe·

108 982 176 1040 rent,
186 977 230 1028 bis
242 975 354 1028 ermdcm
367 984 573 1044 praeponentes,
585 980 695 1030 nomine
706 985 787 1046 atque
798 993 902 1046 cogno-

108 1053 192 1114 mine;
212 1057 296 1120 utque
306 1051 389 1120 vulgo
401 1069 465 1104 mox
476 1053 612 1105 ferrentur
622 1051 652 1105 hi
661 1069 768 1106 versus:

127 1119 286 1178 Naallibato
298 1127 437 1194 quicquam
447 1145 536 1195 tormer,
549 1130 594 1178 aad
603 1128 837 1201 Cananefatium
849 1137 902 1181 est:

164 1201 233 1252 asam
243 1200 411 1270 Bibulosrari
420 1205 523 1254 ceresola
533 1203 693 1254 attestamini.

71 1309 73 1313 v
110 1277 242 1344 Campum
254 1275 407 1340 Stellatem,
419 1279 571 1329 maioribus
584 1285 781 1344 consecratum,
794 1295 903 1346 agrum·

111 1369 162 1420 que
174 1353 355 1419 Campanum,
377 1353 412 1402 ad
424 1353 548 1403 subsidia
561 1353 730 1420 reipublicae
740 1355 903 1421 vectigalem

109 1427 248 1491 relictum,
270 1427 364 1477 divisit
375 1433 451 1478 extra
462 1433 562 1480 sortem
579 1429 614 1480 ad
624 1430 723 1498 viginti
732 1430 855 1481 millibus
866 1431 904 1480 ci·

110 1503 197 1566 vium,
219 1501 318 1569 qrribus
328 1503 400 1554 terni
410 1503 535 1570 pluresve
546 1504 627 1556 liberi
637 1511 735 1556 essent.
775 1504 904 1556 Publica-

111 1594 162 1630 nos
186 1577 374 1628 remissionem
399 1584 520 1644 petentes
547 1581 630 1630 tertia
649 1578 803 1632 mercedum
825 1586 905 1646 parte

111 1653 255 1716 relevavit,
277 1667 322 1716 ac,
344 1667 377 1703 ne
392 1653 420 1702 in
431 1652 570 1704 locatione
580 1670 714 1706 novorum
725 1655 904 1722 vectigalium

111 1727 320 1779 immoderatius
331 1726 511 1792 licitarontur,
522 1728 667 1796 propalam
678 1731 793 1781 monuit.
807 1730 905 1781 Cetera

112 1804 190 1867 item,
212 1817 281 1869 quae
293 1801 390 1870 cuique
401 1803 557 1868 libuissent,
573 1803 719 1870 dilargitus
730 1810 783 1872 est,
796 1811 905 1856 contra-

113 1877 220 1930 dicente
229 1877 320 1941 nullo,
337 1893 378 1942 ac,
390 1878 415 1928 si
426 1884 571 1930 certaretur
583 1880 656 1948 quis,
669 1880 825 1931 absterrito.
864 1880 905 1929 Μ.

114 1955 244 2005 Catonem
259 1951 478 2020 interpellantem
493 1951 600 2006 extrahi
616 1956 691 2005 curia
711 1971 759 2021 por
779 1955 906 2006 lictorem

113 2029 230 2096 ducique
240 2029 269 2080 in
281 2044 415 2082 carcerem
426 2029 516 2080 iussit.
555 2028 589 2080 L.
601 2028 719 2080 Lucullo
735 2029 848 2080 liberius
864 2045 906 2080 re-

47 2099 48 2104 ’
113 2104 222 2154 sistenti
239 2109 345 2156 tantum
367 2104 564 2156 calumniarum
579 2105 681 2155 motum
695 2105 803 2168 iniecit,
824 2110 855 2154 ut
869 2105 906 2154 ad

113 2194 202 2244 genna
212 2178 285 2228 ultro
297 2179 352 2228 sibi
363 2179 507 2230 accideret.
540 2179 670 2230 Cicerone
681 2179 710 2229 in
720 2179 824 2230 iudicio
838 2195 906 2246 quo-

114 2254 176 2303 dam
189 2253 350 2318 deplorante
360 2258 512 2320 temporum
524 2259 638 2318 statum,
654 2254 684 2304 P.
697 2254 838 2318 Clodium,
853 2255 906 2304 ini·

114 2329 213 2378 micum
226 2327 298 2391 eius,
319 2326 423 2379 furstra
436 2329 491 2380 iam
506 2327 611 2395 pridem
628 2329 783 2379 aPatribus
799 2329 833 2380 ad
849 2329 907 2396 ple-

113 2405 175 2454 bem
195 2403 314 2454 transire
334 2403 477 2468 nitentem,
503 2404 598 2454 codem
624 2403 668 2454 die
689 2402 811 2472 horaque
831 2419 908 2454 nona

113 2478 279 2530 transduxit.
317 2477 461 2529 Postremo
476 2479 505 2530 in
516 2480 659 2530 univorsos
671 2478 796 2530 diversae
805 2478 906 2531 factio·

114 2555 157 2604 nis
176 2553 286 2622 induant
304 2551 427 2604 Vettirmn
447 2554 590 2620 praemiis,
611 2559 642 2604 ut
661 2571 690 2606 se
711 2554 744 2605 de
763 2553 908 2606 inferenda

113 2627 246 2696 Pompeio
258 2645 324 2682 nece
335 2629 515 2681 sollicitatum
526 2644 543 2680 a
554 2629 715 2697 quibusdam
721 2630 907 2698 profiteretur,

113 2703 317 2774 productusque
332 2720 382 2774 pro
398 2705 496 2758 rostiis
512 2711 639 2760 auctores
654 2721 686 2757 cx
703 2711 845 2776 compacto
857 2721 907 2758 no-
