2036 3022
286 279 290 284 ι
334 215 444 267 uaso.
480 219 557 268 can.
576 223 692 271 rc-rs.
864 222 913 277 255

119 352 210 397 cctam
221 341 251 394 de
261 359 300 405 ce,
315 347 520 410 pronunciavit:
541 348 750 417 consolantique
761 350 914 402 nutriculae

118 426 147 472 et
158 419 221 470 aliis
232 434 341 486 quoque
351 421 406 472 iam
421 423 591 490 principibus
602 425 705 475 similia
716 425 849 476 accidisse
859 441 914 478 me·

117 495 252 558 moranti,
269 493 302 545 Sc
316 512 375 546 cero
381 507 489 562 praeter
500 508 598 550 ceteros
609 499 730 551 inaudita
742 509 768 550 et
777 499 914 570 incognita

113 568 185 638 pati,
192 569 342 636 respondit,
350 571 396 637 qui
405 588 531 624 ceramum
541 573 679 642 inspectum
689 575 759 626 vicar
770 574 913 626 emitteret.

118 645 178 696 Nec
189 659 222 696 co
233 645 322 696 secius
334 647 481 715 quicquam
493 665 525 700 ex
537 652 733 702 consuetudine
744 651 913 718 luxrrsatqrre

119 719 243 791 desidiae
255 721 348 771 omisit
357 723 401 772 vel
410 723 555 775 imminuit.
596 726 668 787 Quin
679 727 744 790 imo,
757 741 839 795 quum
850 741 913 792 pro-

117 796 194 863 speri
204 794 334 863 quiddam
345 811 378 846 ex
388 798 538 864 provinciis
553 803 711 852 nunciatum
727 807 810 865 esset,
832 817 914 867 super

118 869 382 921 abundantissimam
404 888 530 936 coenam,
550 875 688 926 iocularia
706 878 734 927 in
750 876 913 928 defectionis

118 946 203 996 duces
215 946 345 1010 carmina,
356 946 512 1014 lasciueque
522 949 677 1013 modulata,
691 966 760 1016 quae
771 953 853 1018 vulgo
864 967 912 1002 nc-

117 1025 238 1083 tuerunt,
245 1022 328 1070 etiam
338 1022 518 1088 gesticulatus
529 1029 582 1085 est3
595 1040 628 1074 ac
637 1026 802 1091 spectaculis
812 1024 914 1076 theatri

121 1096 193 1146 clarn
204 1093 307 1159 illatus,
320 1097 429 1146 cuidam
439 1099 547 1149 scenico
560 1098 680 1165 placenti
690 1100 817 1150 mincium
829 1101 912 1163 misit,

116 1169 195 1221 atlete¹
204 1186 261 1220 eum
272 1171 483 1238 occupationibus
493 1173 555 1224 ercis.

174 1244 274 1297 XLill.
295 1246 377 1297 initio
389 1247 481 1298 statim
495 1250 628 1300 tumultus
640 1249 726 1299 multa
736 1256 763 1300 et
772 1250 912 1313 immania,

115 1336 212 1373 verum
221 1336 277 1371 non
289 1319 465 1372 adhorrentia
476 1339 493 1373 a
503 1340 554 1375 sua
567 1331 678 1387 natura,
701 1325 820 1376 creditur
831 1325 912 1376 desti-

117 1411 213 1448 nasse:
234 1411 406 1448 successores
417 1413 646 1466 percussoresque
658 1402 826 1451 summittere
838 1417 912 1452 exer-

117 1474 190 1524 citus
210 1476 238 1522 ct
256 1473 413 1537 provincias
437 1476 606 1540 regentibus,
633 1477 713 1544 quasi
738 1476 911 1542 conspiratis,

116 1547 246 1613 idemque
257 1553 284 1597 ct
293 1563 376 1598 unum
391 1551 583 1613 sentientibus3
605 1551 736 1619 quicquid
750 1552 852 1618 ubique
868 1566 912 1601 err-

117 1622 222 1684 sulum,
235 1623 365 1689 quicquid
375 1624 403 1673 in
414 1625 486 1675 Urbe
502 1623 642 1677 hominum
653 1624 860 1677 Gallicanorum
872 1642 911 1676 es-

117 1704 172 1760 set,
190 1697 394 1759 corrtrucidare3
414 1699 492 1762 illos,
511 1717 545 1751 ne
557 1701 769 1752 desciscentibus
781 1717 924 1768 aggrega„

117 1779 226 1833 rentur,
247 1769 310 1835 hos,
331 1779 362 1823 ut
376 1774 502 1824 conscios
518 1776 692 1840 popularium
707 1793 819 1828 suorum
830 1784 912 1843 atque

117 1848 255 1900 fautores:
268 1845 375 1897 Gallias
386 1849 551 1899 exercitibus
562 1850 732 1917 diripiendas
743 1853 911 1917 permittere,

118 1929 243 1974 senatum
254 1923 410 1973 universum
420 1937 523 1973 veneno
535 1940 584 1991 per
595 1925 721 1974 convivia
731 1941 841 1987 necare3
862 1926 913 1974 Ur-

118 1999 180 2048 bem
190 1997 347 2061 incendere,
362 1996 428 2048 feris
437 1999 467 2047 in
477 1999 608 2065 populum
618 1999 761 2063 immissis,
777 2016 831 2068 quo
843 1999 912 2049 diiii·

119 2073 200 2124 cilius
212 2071 410 2124 defenderetur.
450 2073 503 2125 Sed
515 2074 688 2138 absterritus,
709 2089 765 2126 non
779 2081 836 2125 tam
847 2090 912 2142 poe-

118 2148 248 2210 nitentia,
263 2163 346 2214 quem
356 2148 516 2213 perficiendi
527 2149 729 2216 desperatione,
747 2151 912 2218 credensque

118 2223 321 2289 expeditionem
332 2225 523 2287 necessariam,
530 2225 656 2275 consules
668 2231 730 2276 ante
740 2232 847 2294 tempus
858 2227 912 2293 pri-

117 2299 194 2349 vavit
213 2295 331 2361 honore,
353 2303 434 2364 atque
454 2299 484 2349 in
496 2301 638 2369 utriusque
654 2301 744 2352 locum
760 2302 835 2353 solus
850 2301 914 2351 iniit

119 2373 301 2436 consulatum,
314 2373 395 2441 quasi
403 2371 489 2423 fatale
499 2382 578 2439 esset,
590 2392 645 2427 non
656 2392 738 2442 posse
749 2376 856 2426 Gallias
868 2377 912 2426 dc-

118 2449 230 2511 bellari‚
250 2448 305 2498 uisi
325 2462 342 2498 a
362 2463 391 2498 se
412 2449 532 2500 consule.
571 2451 610 2502 Ac
629 2452 762 2517 susceptis
780 2450 911 2514 fascibus,

120 2539 203 2592 quum
224 2528 289 2596 post
312 2523 407 2590 epulas
430 2523 553 2576 triclinio
577 2526 777 2592 digrederetur,
803 2526 912 2577 innixus

119 2598 239 2652 humeris
250 2598 428 2650 familiarium
440 2600 593 2663 affirmavit,
600 2601 715 2650 simulac
725 2601 841 2666 primum
850 2617 912 2667 pro·

118 2677 238 2727 unciam
250 2675 394 2742 attigisset,
405 2676 536 2727 inermem
546 2690 575 2726 se
584 2676 614 2724 in
625 2680 800 2741 conspectum
811 2677 912 2728 exerci-

120 2756 195 2808 tuum
211 2750 397 2824 proditurum,
417 2750 628 2820 necquicquam
644 2750 719 2804 eliud
735 2767 816 2818 quam
836 2751 912 2808 lictu·

895 2946 905 2973 A
