2050 3034
283 233 468 280 creemus.
506 235 718 278 consa-20.
847 233 897 284 12⁵
984 209 987 216 “

99 373 125 408 se
135 370 194 406 uno
200 393 208 419 ,
223 361 291 406 tunc
301 361 409 428 praeter
420 350 643 407 consuetudinem
657 356 852 422 cumpluribus
863 357 897 410 dc

96 431 207 484 ratione
221 429 291 482 belli
305 432 525 482 communicavit.
566 430 666 480 Curam
685 444 794 498 quoque
813 430 896 482 solito

97 508 267 557 exactiorem
287 506 433 572 praestitit.
473 505 652 556 Traiecturus
666 501 802 568 Rhenum,
825 519 897 556 com·

98 585 220 632 meatum
237 595 344 630 omnem
360 581 395 630 ad
412 585 513 632 certam
528 579 676 631 formulam
688 580 830 630 astrictum
841 594 897 631 non

98 659 162 706 ante
171 655 339 718 transmisit,
356 670 436 722 quam
450 655 603 706 consistens
619 654 693 722 apud
702 655 791 722 ripam
803 653 897 721 explo-

97 733 188 780 rasset
196 726 386 780 vehiculorum
397 743 490 792 onera,
501 746 535 781 ne
547 745 601 798 qua
612 729 831 797 deportarentur,
842 728 898 780 nisi

98 818 233 854 concessa
247 808 296 856 aut
309 805 475 855 necessaria.
514 805 604 855 Trans
614 802 739 856 Rhenum
751 820 817 858 vero
835 819 896 855 eum

95 878 171 928 vitae
183 877 307 929 ordinem
314 880 415 942 tenuit,
420 885 452 930 ut
461 879 557 930 sedens
567 880 708 946 ineespite
717 879 792 930 nrrdo
805 880 895 931 cibum

97 958 221 1019 caperet,
243 967 325 1019 saepe
336 954 395 1004 sine
405 955 524 1008 tentorio
541 958 727 1020 pernoctaret,
747 959 896 1020 praecepta

97 1026 239 1094 sequentis
250 1027 307 1078 diei
318 1029 419 1091 omnia,
431 1029 492 1078 etsi
504 1028 570 1094 quid
581 1028 666 1078 subiti
675 1028 795 1076 muneris
805 1029 895 1077 iniun-

96 1100 215 1167 gendum
226 1107 310 1166 esset,
331 1118 380 1169 per
393 1102 504 1154 libellos
516 1101 606 1152 daret:
628 1101 722 1150 addita
733 1100 895 1164 monitione,

96 1180 135 1238 ut,
147 1174 181 1226 de
194 1191 249 1243 quo
262 1177 377 1244 qrrisque
388 1178 539 1240 dubitaret,
556 1191 597 1239 se,
608 1191 659 1226 nee
670 1175 726 1226 alio
737 1175 894 1241 interprete,

95 1265 261 1319 quacunque
271 1250 314 1304 vel
324 1253 414 1303 noctis
425 1250 495 1302 hora
504 1257 635 1302 uteretur.

152 1323 228 1374 XIX.
250 1324 433 1392 Disciplinam
449 1327 580 1378 acerrime
601 1327 703 1392 exegit,
726 1323 896 1376 animadver-

96 1398 206 1450 sionum
218 1405 247 1450 et
254 1400 469 1466 ignominiarum
479 1402 623 1468 generibus
635 1415 668 1452 ex
680 1400 844 1468 antiquitate
855 1415 896 1452 re·

95 1473 200 1540 petitis,
213 1479 296 1542 atque
307 1475 390 1525 etiam
401 1476 492 1544 legato
504 1475 635 1543 legionis,
647 1475 720 1543 qrrod
731 1488 835 1541 paucos
846 1475 896 1525 mi-

96 1547 163 1598 lites
179 1563 238 1598 cum
252 1549 353 1601 liberto
369 1566 419 1603 suo
435 1557 511 1601 nans
525 1551 614 1616 ripam
628 1555 756 1600 venatum
766 1550 896 1611 misisset,

96 1621 368 1687 ignominianotato.
407 1623 532 1689 Proelia,
549 1625 673 1692 quamvis
688 1623 829 1674 minimum
840 1621 896 1673 for-

97 1701 182 1748 tunae
193 1698 304 1750 casibus
314 1699 491 1766 permitteret,
504 1700 645 1768 aliquanto
658 1697 829 1750 constantius
844 1696 896 1747 ini-

95 1771 159 1836 bat,
176 1773 286 1839 quoties
297 1772 458 1826 lucubrante
469 1791 497 1825 se
508 1775 600 1826 subito
613 1789 645 1824 ae
654 1773 731 1824 nullo
742 1771 896 1841 propellen-

96 1851 125 1899 te
136 1846 277 1899 decideret
289 1847 381 1902 lumen
397 1853 425 1900 et
438 1849 670 1914 exstingueretur,
693 1847 845 1908 confidens,
866 1853 898 1896 ut

97 1919 200 1986 aiebat,
207 1927 325 1987 ostento,
332 1924 387 1974 sibi
396 1938 429 1974 ac
439 1922 592 1974 maioribus
602 1923 660 1972 suis
668 1922 698 1970 in
710 1921 785 1971 omni
796 1920 898 1970 ducatu

97 1996 302 2063 expertissimo.
343 1997 408 2061 Sed,
428 2001 701 2065 reprosperegesta,
716 1993 897 2044 nonmultum

98 2069 178 2135 afrrit,
190 2071 258 2138 quin
270 2087 287 2120 a
296 2071 430 2125 Bructero
442 2071 563 2140 quodam
576 2069 760 2121 occideretur:
772 2069 817 2119 eui
826 2067 899 2118 inter

97 2145 245 2213 proximos
255 2147 384 2212 versanti,
396 2153 424 2199 et
433 2147 619 2214 trepidatione
630 2143 898 2208 detecto,tormentis

99 2234 232 2287 expressa
243 2221 381 2273 confessio
393 2228 435 2274 est
445 2222 562 2289 cogitati
571 2219 714 2272 facinoris.

154 2295 218 2345 XX.
239 2293 417 2347 AGermania
426 2299 456 2348 ln
461 2297 560 2348 Urbem
571 2303 637 2364 post
645 2296 784 2348 biennium
795 2307 899 2360 regres-

99 2385 158 2433 sus,
174 2368 358 2436 triumphum,
375 2387 453 2438 quem
466 2372 623 2436 distulerat,
640 2371 708 2438 egit,
733 2381 899 2437 prosequen-

98 2444 174 2495 tibus
190 2444 275 2496 etiam
289 2445 401 2512 legatis,
424 2445 522 2514 quibus
542 2445 721 2512 triumphalia
737 2444 898 2494 ornamenta

96 2517 272 2585 impetrarat.
310 2520 350 2570 Ac
362 2521 439 2587 prius
455 2535 537 2588 quam
546 2521 576 2570 in
588 2519 756 2586 Capitolium
766 2515 896 2574 flecteret,

97 2592 242 2646 descendit
256 2609 271 2646 e
287 2609 380 2659 eauru,
401 2610 483 2662 seque
494 2593 663 2661 praesidenti
672 2591 747 2658 patri
758 2589 794 2640 ad
808 2600 899 2654 genua

96 2667 236 2720 submisit.
275 2667 423 2734 Batonem,
434 2667 609 2718 Pannonium
620 2665 728 2727 ducem,
739 2660 897 2729 ingentibus

96 2741 231 2796 donatum
256 2745 399 2810 praemiis,
419 2743 577 2794 Ravennam
602 2737 755 2800 transtulit3
780 2733 898 2802 gratiam
