2036 3022
197 634 226 684 C.
257 631 486 686 SUETONll
516 626 816 690 TRANQUILLI

281 789 429 836 LIBER
469 788 735 836 SEPTlMUS.

122 941 438 1007 SERVIUS
485 933 887 1006 SULPICIUS

404 1109 607 1166 GALBA.

417 1279 594 1288 ...a—..-

417 1291 594 1303 ‚-—.-—.—-

166 1428 189 1479 l.
208 1401 373 1496 Progenies
386 1428 532 1478 Caesarum
543 1426 573 1477 iu
583 1425 692 1478 Nerone
703 1427 816 1480 defecitz
831 1430 906 1496 quod

112 1503 233 1554 futurum
243 1503 273 1554 in
289 1503 474 1571 compluribus
489 1503 598 1569 quidem
614 1502 713 1569 signis,
734 1503 783 1554 sed
797 1505 907 1556 eviden-

111 1578 227 1629 tissimis
238 1578 345 1629 duobus
356 1577 492 1644 apparuit.
530 1575 628 1627 Liviae
639 1577 705 1628 olim
716 1584 780 1646 post
789 1579 908 1646 Augusti

114 1653 208 1703 statim
218 1654 329 1718 nuptias
339 1650 521 1702 Veientanum
531 1667 609 1702 suum
622 1652 765 1716 reuisenti,
785 1661 907 1720 praeter·

113 1727 212 1778 volans
223 1726 326 1793 aquila,
336 1725 469 1794 gallinam
480 1726 721 1790 albam,ramulum
732 1727 806 1779 lauri
815 1736 908 1780 rostro

114 1801 305 1865 tenentem,ita
316 1807 346 1852 ut
355 1807 492 1867 rapuerat,
500 1801 609 1852 demisit
617 1801 647 1850 in
656 1803 801 1868 gremium:
814 1820 909 1872 quum-

117 1893 169 1942 que
178 1877 278 1927 nutriri
289 1876 394 1941 alitem,
414 1877 499 1944 pangi
509 1875 646 1926 ramulum
653 1877 816 1942 placuisset,
831 1885 910 1929 tanta

116 1952 254 2018 pullorum
266 1952 376 2003 soboles
387 1952 524 2018 provenit,
544 1955 576 2000 ut
586 1947 668 2002 hodie
679 1967 788 2020 quoque
798 1969 833 2004 ea
842 1953 910 2004 villa

117 2026 153 2075 ad
169 2025 288 2078 Gallinas
301 2032 426 2087 vocetur3
446 2025 502 2076 tale
515 2040 580 2076 vero
596 2025 745 2090 lauretum,
764 2033 796 2077 ut
813 2029 910 2078 trium-

117 2099 229 2167 phaturi
243 2101 373 2152 Caesares
387 2100 451 2150 inde
465 2099 574 2151 laureas
590 2099 776 2168 decerperent:
802 2101 910 2171 fuitque

119 2190 171 2240 que
181 2190 242 2224 uros
251 2173 494 2242 triumphantibus,
517 2173 587 2224 alias
603 2173 745 2226 confestim
757 2175 854 2228 eodem
870 2177 911 2229 lo·
1005 2187 1006 2190 ’

119 2265 151 2300 cc
162 2264 293 2316 pangere:
315 2255 342 2300 et
352 2250 524 2300 observatum
535 2255 589 2312 est,
600 2250 650 2300 sub
662 2250 793 2318 cuiusque
804 2252 912 2302 obitum

119 2325 246 2375 arborem
258 2324 292 2374 ab
302 2325 363 2390 ipsc
375 2324 528 2373 institutam
540 2324 704 2390 elanguisse.
733 2323 806 2392 Ergo
818 2327 912 2376 novis-

119 2399 189 2449 simo
200 2397 318 2450 Neronis
334 2413 404 2448 anno
421 2403 448 2449 et
462 2398 532 2448 silva
547 2400 636 2449 omnis
650 2399 758 2450 exaruit
767 2399 913 2463 radicitus,

120 2480 147 2523 et
157 2473 287 2540 quicquid
297 2474 338 2524 ibi
347 2472 510 2540 gallinarum
522 2479 593 2537 erat,
608 2474 726 2524 interiit:
748 2489 781 2525 ac
795 2475 913 2529 subinde

118 2552 194 2596 tacta
205 2547 238 2596 de
254 2547 331 2598 coelo
344 2549 490 2598 Caesarum
506 2548 586 2611 aede,
608 2547 700 2616 capita
716 2549 842 2599 omuibus
856 2555 914 2599 sta-

119 2619 175 2668 tuis
186 2621 267 2670 simul
278 2620 449 2685 deciderunt,
469 2623 639 2690 Augustique
652 2630 790 2692 sceptrum
800 2623 914 2678 amani·

120 2689 172 2740 bus
182 2708 325 2744 excussum
336 2703 385 2746 est.
