2036 3022
163 219 214 274 234
445 228 472 272 C.
495 220 679 272 SUETONli

130 403 132 406 ,
163 350 355 404 libertinorum
370 349 444 400 filios
455 350 503 400 diu
512 366 568 400 non
579 349 703 412 admisit,
716 347 848 400 admissis
861 347 965 416 aprio-

163 427 240 478 ribus
259 425 430 493 principibus
444 423 563 477 honores
578 424 731 490 denegavit.
744 489 747 496 Ι
773 424 964 489 Candidatus,

165 503 213 568 qui
227 516 311 568 supra
324 517 466 553 numerum
476 506 578 564 essent,
588 501 618 552 iu
628 500 759 551 solatium
771 499 921 551 dilationis
932 515 964 550 ac

164 592 259 628 morae
269 576 425 642 legionibus
435 577 605 643 praeposuit.
645 573 828 626 Consulatum
837 573 870 626 in
880 591 963 626 senos

164 650 323 718 plerumque
334 667 438 702 menses
450 651 534 702 dedit.
568 649 761 718 Defunctoque
773 651 850 701 eirea
860 649 963 702 Kalen·

165 727 215 776 das
228 725 372 776 lanuarias
388 726 474 778 altero
490 743 505 778 e
519 725 692 788 consulibus,
707 726 846 778 neminem
862 725 961 776 substi·
1006 737 1007 766 t

164 802 230 864 tuit,
250 800 409 866 improbans
420 801 572 868 exemplum
580 808 660 852 ¹vetus
671 801 782 850 Caninii
792 799 896 864 Rebili,
908 815 961 850 uuo
1006 807 1007 810 ’

165 875 210 926 die
227 875 357 926 consulis.
396 875 588 944 Tn‘umphalia
603 881 763 927 ornamenta
777 876 864 926 etiam
881 891 963 942 quae-

164 950 268 1003 storiae
278 950 421 1018 dignitatis
435 957 463 1004 et
475 951 615 1002 nonnullis
626 967 659 1002 ex
674 951 795 1018 equestri
806 950 907 1002 ordine
917 951 963 1001 tri-

164 1027 239 1090 buit,
249 1041 299 1078 neo
308 1027 404 1096 utique
415 1027 448 1078 de
460 1043 545 1078 eausa
553 1026 682 1090 militari,
693 1024 741 1076 sed
756 1031 784 1077 et
800 1025 834 1076 de
851 1027 962 1093 quibus

167 1117 272 1170 cunque
282 1102 373 1153 rebus.
414 1102 560 1153 Orationes
572 1101 607 1152 ad
622 1107 748 1167 senatum
758 1101 874 1166 missas,
885 1117 962 1169 prae-

165 1177 248 1227 terito
270 1178 425 1244 quaestoris
446 1177 551 1242 officio,
572 1193 622 1244 per
642 1176 782 1228 consulem
801 1175 962 1245 plemmque

166 1253 310 1305 recitabat.

222 1326 296 1378 XVI.
319 1323 452 1378 Formam
465 1328 654 1379 aedificiorum
667 1327 751 1379 Urbis
764 1341 868 1378 novam
883 1341 962 1378 exeo-

166 1403 277 1468 gitavit,
291 1407 319 1453 et
331 1409 364 1452 ut
377 1409 439 1454 ante
453 1403 559 1454 insulas
570 1419 603 1453 ac
613 1403 712 1454 domos
722 1402 848 1470 porticus
859 1407 962 1464 essent,

168 1478 201 1528 de
226 1493 340 1545 quarum
365 1478 477 1529 solariis
501 1477 629 1530 incendia
654 1483 831 1540 arcerentur3
862 1492 962 1544 easque

168 1558 278 1620 sumptu
288 1568 338 1603 suo
350 1554 493 1604 exstruxit,
528 1553 690 1607 Destinarat
699 1554 783 1605 etiam
795 1553 877 1604 Ostia
885 1560 962 1604 tenus

167 1629 279 1679 moenia
297 1643 476 1692 promovere,
499 1635 581 1696 atque
600 1629 664 1680 inde
684 1628 762 1680 fossa
782 1644 860 1680 mare
879 1627 963 1680 veteri

168 1702 237 1753 Urbi
250 1702 388 1754 inducere.
426 1702 517 1754 Multa
531 1705 581 1755 sub
597 1720 629 1756 eo
641 1709 669 1755 et
683 1703 879 1754 animadversa
892 1719 962 1754 seve·

101 1843 104 1850 ,
168 1793 211 1841 re,
237 1781 264 1828 et
287 1778 420 1842 coercita,
444 1795 494 1830 nec
517 1780 606 1830 miuus
630 1781 767 1830 instituta.
819 1777 964 1829 Adhibitus

170 1852 323 1920 sumptibus
347 1854 463 1904 modus:
493 1854 620 1923 publicae
640 1871 743 1906 coenae
764 1854 799 1905 ad
825 1853 964 1922 sportulas

169 1928 312 1980 redactae:
323 1929 509 1995 interdictum,
519 1947 553 1982 ne
565 1930 631 1998 quid
640 1931 670 1981 in
680 1931 792 1998 popinis
803 1931 880 1981 coeti
890 1945 963 1998 prae·

169 2010 212 2055 ter
226 2005 365 2071 legumina
380 2011 428 2056 aut
443 2005 520 2056 olera
534 2007 651 2070 veniret,
667 2021 749 2073 quum
765 2011 849 2058 antea
863 2005 963 2057 nullum

170 2095 226 2130 non
242 2080 353 2130 obsonii
367 2096 451 2147 genus
466 2087 684 2148 proponeretur:
710 2080 807 2132 afflicti
822 2080 963 2149 suppliciis

172 2152 334 2219 Christiani,
353 2170 438 2222 genus
454 2155 594 2206 hominum
609 2157 816 2223 superstitionis
831 2173 921 2209 novae
935 2172 964 2204 ac

169 2229 329 2281 maleficae:
349 2232 429 2281 vetiti
444 2230 684 2298 quadrigariorum
702 2231 791 2295 lusus,
807 2231 911 2300 quihus
928 2232 965 2281 in-

170 2307 293 2356 veterati
303 2304 417 2356 licentia
426 2307 530 2372 passim
544 2307 709 2374 vagantibus
723 2305 826 2358 vellere
838 2323 872 2357 ao
881 2305 965 2357 furari

171 2396 220 2446 per
232 2381 324 2431 iocum
338 2381 382 2431 ius
397 2385 474 2430 erat:
499 2383 730 2448 pantomimorum
749 2380 890 2433 factiones
910 2398 966 2432 omn

169 2455 239 2521 ipsis
250 2456 332 2506 simul
342 2454 489 2522 relegatae.

227 2530 313 2581 XVII.
327 2530 463 2582 Adversus
473 2530 604 2584 falsarios
613 2537 679 2582 tune
689 2531 806 2597 primum
818 2539 966 2600 repertum,

171 2619 205 2654 ne
219 2605 344 2669 tabulae,
364 2606 420 2656 nisi
433 2613 573 2674 pertusae,
595 2623 627 2658 ae
640 2613 683 2657 ter
697 2607 754 2658 lino
769 2623 819 2672 per
830 2607 966 2660 foramina

166 2679 302 2744 traiecto,
314 2681 534 2748 obsignarentur.
575 2682 704 2745 Cautum,
715 2684 785 2732 utin
796 2683 964 2736 testamentis

172 2753 277 2818 primae
294 2756 364 2806 duae
378 2773 470 2823 cerae,
481 2763 644 2810 testatorum
654 2757 738 2810 modo
749 2759 863 2811 uonrine
874 2759 964 2812 inseri·
