2044 3028
123 311 172 363 32d
402 313 428 359 G.
454 311 635 360 SUETONll

122 439 316 504 scrutantibus,
324 437 372 508 qui
381 437 499 506 vestigia
509 438 649 514 subsecuti
659 443 745 512 erent,
752 438 923 508 deprehendi

120 531 175 567 non
186 516 316 584 potuerit.
355 514 423 566 Post
433 514 579 565 victoriam
591 514 698 566 demum
708 531 884 582 progressus,
897 525 923 569 et
1001 557 1002 566 ,

113 593 225 643 ,Caesar
245 589 447 653 consalutatus,
472 587 606 640 honorem
629 595 775 657 praeturae
795 593 922 646 urbanae

123 683 184 718 cum
195 666 335 718 consulari
349 669 487 731 potestate
498 666 619 732 suscepit
628 665 710 715 titulo
722 671 816 730 tenus;
839 685 923 736 quam

121 741 340 794 iurisdictionem
364 739 400 790 ad
425 739 559 808 collegam
587 740 741 806 proximum
765 745 921 796 transtulit.
1001 775 1002 780 =

123 818 248 868 Ceterum
259 831 366 867 omnem
375 814 431 866 vim
442 815 640 866 dominationis
650 821 707 866 tam
717 815 834 870 licenter
845 835 921 871 exer-

122 893 190 956 cuit,
209 890 311 942 utiam
324 895 395 954 tum,
418 891 508 957 qualis
522 890 630 942 futruus
646 897 729 955 esset,
751 894 920 946 ostenderet.

120 967 162 1019 Ne
177 982 312 1036 exsequar
325 965 447 1033 singula,
469 966 645 1018 contrectatis
660 967 809 1020 multorum
825 972 920 1022 uxori.

119 1043 184 1108 bus,
205 1042 357 1094 Domitiam
372 1035 540 1108 Longinam,
561 1041 639 1093 Aelio
659 1040 775 1093 Lamiae
793 1051 920 1112 nuptam,

120 1119 203 1170 etiam
213 1119 243 1170 in
253 1117 457 1170 matrimonium
470 1116 598 1178 abduxit3
619 1123 701 1186 atque
711 1133 767 1168 uno
780 1118 826 1170 die
837 1137 922 1189 super

119 1195 217 1263 viginti
226 1194 334 1245 urbana
344 1191 436 1244 officia
447 1195 528 1259 atque
538 1192 684 1260 peregrina
698 1191 856 1259 distribuit,
872 1196 921 1247 mi·

118 1269 178 1320 rori
191 1287 218 1320 se
226 1268 399 1336 Vespasiano
416 1267 573 1330 dictitante,
595 1268 665 1332 quod
677 1283 852 1322 successorem
868 1289 920 1322 aon

118 1353 145 1396 ct
153 1344 204 1396 riti
212 1344 337 1397 mitteret.

174 1419 209 1472 ll.
228 1419 441 1488 Expeditionem
452 1433 562 1486 quoque
572 1418 602 1468 in
613 1416 734 1469 Galliam
740 1417 918 1476 Germanias.
1001 1439 1002 1444 =

120 1513 185 1564 que,
206 1512 294 1564 neque
303 1493 500 1556 necessariam,
522 1499 549 1544 et
560 1492 783 1546 dissuadentibus
794 1498 919 1561 paternis

120 1572 230 1636 andeis,
250 1569 405 1632 inchoavit,
421 1573 528 1620 tautum
538 1574 570 1619 ut
579 1567 661 1620 fratri
671 1584 700 1620 se
711 1574 739 1620 et
749 1571 883 1635 operibus
894 1579 921 1624 et

121 1647 280 1716 dignatione
301 1645 478 1712 adaequaret.
519 1643 560 1694 ob
587 1642 655 1694 haec
679 1647 837 1712 correptus,
864 1665 920 1716 quo

119 1722 208 1790 magis
219 1720 357 1774 etaetatis
368 1723 395 1770 et
406 1718 575 1770 conditionis
586 1718 792 1782 admoneretur,
810 1720 920 1774 habita-

117 1799 167 1850 bat
177 1813 238 1852 cum
248 1802 327 1864 patre
336 1810 400 1859 uua,
412 1793 562 1862 sellamque
573 1795 632 1845 eius
644 1809 676 1845 ac
686 1793 794 1858 fratris,
808 1800 920 1866 quoties

118 1873 273 1942 prodirent,
283 1871 384 1924 lectica
394 1871 573 1936 sequebatur;
594 1884 627 1920 ac
636 1869 805 1938 triumphum
816 1874 920 1926 utrius-

119 1965 171 2018 que
180 1949 322 2002 Iudaicum
333 1961 404 2014 equo
420 1945 484 1996 albo
500 1944 647 1996 comitatus
663 1951 712 1996 est.
750 1945 781 1997 lu
793 1963 843 1999 sex
855 1966 920 2002 con-

118 2025 255 2077 sulatibus
268 2040 325 2076 non
338 2021 394 2074 nisi
407 2037 492 2072 unum
503 2019 674 2072 ordinarium
684 2022 783 2088 gessit,
799 2039 919 2093 eumque

119 2101 234 2158 cedente,
241 2106 268 2152 et
277 2097 447 2164 suffragante
457 2095 552 2148 fratre.
583 2094 730 2148 Simulavit
740 2098 838 2163 etipse
848 2103 919 2154 mire

117 2175 294 2237 modestiam3
315 2175 344 2225 in
354 2172 505 2239 primisque
515 2171 642 2236 poeticae
652 2170 786 2235 studium,
807 2179 867 2226 tam
877 2178 918 2228 111.

119 2257 225 2304 suetnm
231 2256 313 2303 antea
323 2249 386 2312 sibi,
393 2263 475 2315 quam
486 2251 584 2313 postea
593 2252 714 2312 spretum
726 2253 753 2297 et
764 2248 917 2302 abiectum:

118 2327 299 2393 recitavitque
319 2324 403 2376 etiam
422 2321 541 2388 publice.
579 2321 638 2373 Nec
657 2327 798 2375 tamense
815 2327 917 2391 secius,
1001 2327 1002 2350 ¹

120 2415 202 2469 quum
211 2400 381 2468 Vologeses,
402 2396 568 2449 Parthorum
582 2412 644 2460 rex,
665 2397 772 2448 auxilia
782 2398 918 2452 adversus
1001 2405 1002 2434 ³

118 2477 234 2540 Alanos,
246 2477 397 2542 ducemque
411 2473 528 2524 alterum
539 2486 573 2522 ex
583 2471 750 2539 Vespasiani
760 2472 859 2526 liberis
870 2477 918 2530 de-

118 2552 301 2619 poposcisset,
313 2550 389 2602 omui
399 2563 451 2614 ope
463 2547 617 2610 contendit,
626 2553 659 2598 ut
668 2548 728 2616 ipse
738 2549 919 2615 potissimum

117 2626 279 2677 nritteretur.
317 2623 354 2675 Et
364 2623 431 2693 qui-a
441 2622 566 2674 disclusa
576 2637 619 2674 res
632 2628 685 2686 est,
708 2621 780 2675 alios
792 2623 918 2678 Orientis

117 2712 204 2762 reges,
215 2705 246 2750 ut
254 2698 518 2766 idemposudareut,
526 2696 606 2748 donis
618 2713 651 2750 ac
661 2698 918 2764 pollicitationibus
1001 2745 1002 2752 ,

120 2771 269 2822 aollicitsre
279 2775 403 2822 tentarit.
442 2771 525 2822 Patre
535 2771 678 2838 defuncto,
700 2774 749 2826 diu
759 2781 917 2840 mmetatus,

144 2859 154 2894 1
170 2843 282 2912 duplum
298 2846 458 2898 donativum
474 2845 557 2898 militi
571 2846 697 2914 offerret,
718 2864 862 2918 uunquam
876 2853 916 2904 iu·
1001 2855 1002 2866 ¹
