2036 3022
179 213 230 266 233
405 193 413 215 '
440 215 466 260 c.
492 211 678 260 suurouu
716 213 721 222 ’

178 347 223 392 tus
235 345 285 392 est.
319 335 466 406 Sed'quum
477 337 549 389 inter
559 337 641 388 initia
647 336 760 406 imperii
770 335 900 390 eburneis
912 353 977 410 qna-

124 418 126 427 ’
179 417 265 484 drigis
277 413 401 482 quotidie
411 414 440 464 in
451 414 538 464 abaco
549 412 667 476 luderet,
680 413 715 462 ad
727 429 821 464 omnes
832 415 918 466 etiam
930 417 977 468 mi-

178 492 268 543 nimos
284 490 425 541 Circenses
440 505 455 540 e
470 504 578 539 secessu
593 487 777 552 commeabat,
789 489 881 556 primo
898 491 976 556 elam,

179 566 277 619 deinde
298 565 455 633 propalam,
475 568 507 614 ut
525 564 627 614 nemini
647 563 760 614 dubium
781 569 867 628 esset,
883 581 918 617 eo
933 568 975 618 die

178 643 273 709 utique
298 638 457 690 affuturum.
506 638 601 705 Neque
626 637 833 704 dissimulabat,
855 641 929 692 velle
947 659 974 693 se
1006 701 1007 704 Ἴ

178 717 332 788 palmarum
360 729 503 765 numerian
533 713 666 781 ampliare
675 715 685 762 'r
719 729 804 780 quare
833 722 973 782 spectaco·
1006 727 1007 730 ’

178 792 235 842 lum
258 789 448 857 multiplicatis
472 789 602 839 missibus
626 788 655 838 in
680 803 771 839 serum
794 789 972 857 protraheba-

178 873 236 929 tur,
256 882 289 915 ne
311 864 430 914 dominis
451 863 559 930 quidem
584 864 640 913 iam
664 862 816 914 lactionum
837 865 973 934 dignanti-

177 942 243 1004 bus,
254 940 309 990 nisi
320 940 355 989 ad
365 939 452 991 totius
464 939 520 989 diei
531 953 649 1002 cursum,
660 953 756 1006 greges
767 938 878 992 ducere.
910 943 973 994 Mox

177 1017 273 1084 etipse
285 1016 421 1082 aurigare,
434 1019 515 1081 atque
523 1014 609 1081 ,etiam
620 1013 741 1080 spectari
750 1013 840 1064 voluit
850 1019 972 1085 saepius:

73 1130 76 1139 .
175 1091 324 1159 positoque
334 1090 363 1140 in
374 1088 462 1140 bortis
472 1089 544 1138 inter
554 1088 668 1138 servitia
677 1094 704 1138 et
714 1088 857 1140 sordidam
868 1092 972 1159 plebem

175 1166 344 1230 rudimento,
359 1166 549 1216 universorum
564 1179 593 1213 se
607 1163 696 1214 oculis
710 1165 739 1213 in
754 1164 835 1216 Circo
853 1170 971 1218 maximo

175 1242 316 1311 praebuit,
329 1239 422 1308 aliquo
435 1239 533 1289 liberto
546 1239 669 1288 mittente
680 1253 822 1306 mappam,
833 1241 911 1292 unde
921 1259 972 1292 ma-

176 1317 309 1383 gistratus
329 1314 427 1366 solent.
466 1311 524 1363 Neo
539 1317 683 1364 contentus
698 1312 796 1388 barum
812 1317 917 1368 artium
932 1333 972 1370 ex-

176 1392 328 1457 perimenta
338 1389 443 1440 Romae
455 1388 574 1451 dedisse,
586 1385 731 1452 Achaiam,
741 1395 773 1440 ut
783 1388 920 1457 diximus,
932 1410 972 1460 pe-

175 1466 223 1529 tit,
235 1464 298 1516 hinc
309 1464 426 1516 maxime
437 1468 538 1514 motus.
562 1460 741 1514 Instituerunt
750 1465 892 1534 civitates,
904 1468 972 1538 apud

176 1556 245 1608 quas
256 1540 355 1592 musici
366 1555 468 1605 agones
478 1538 524 1588 edi
534 1536 632 1602 solent,
645 1555 737 1591 omnes
749 1539 971 1596 citharoedorum

177 1631 295 1666 coronas
311 1615 347 1664 ad
361 1615 450 1680 ipsum
465 1613 583 1664 mittere.
623 1613 678 1664 Eas
690 1614 759 1666 adeo
770 1623 851 1682 grate
861 1621 971 1686 recipie-

174 1691 235 1753 bat,
251 1696 282 1740 ut
296 1690 416 1757 legatos,
432 1687 480 1756 qui
494 1689 685 1755 pertulissent,
699 1705 755 1741 non
771 1692 857 1743 modo
869 1696 971 1761 primos

176 1763 344 1828 admitteret,
361 1764 409 1814 sod
423 1765 506 1814 etiam
521 1762 707 1816 familiaribus
717 1765 806 1834 epulis
816 1767 971 1838 interpone·

174 1845 225 1890 ret.
264 1841 286 1889 Α
298 1839 462 1908 quibusdam
473 1854 506 1890 ex
521 1837 564 1889 bis
575 1845 702 1906 rogatus,
713 1845 745 1890 ut
755 1847 885 1896 cantaret
894 1861 972 1912 super

176 1931 302 1982 coenam,
337 1920 519 1982 exceptusque
548 1913 676 1979 effusius,
707 1917 773 1966 solor
792 1917 862 1968 seire
883 1919 972 1971 audire

178 1989 304 2055 Graecos,
326 1993 442 2058 solosque
458 2005 484 2040 se
500 1997 527 2040 et
539 1989 701 2053 stadiissuis
716 1989 811 2059 dignos
827 1995 878 2045 ait.
917 1994 972 2045 Neo

174 2067 345 2133 profectione
366 2067 471 2128 dilata,
492 2069 522 2114 ut
541 2065 659 2130 primum
681 2065 833 2134 Cassiopen
853 2070 972 2133 traiecit,

46 2171 50 2178 ‚
114 2150 124 2158 '‘
175 2143 269 2192 statim
280 2142 315 2192 ad
326 2158 403 2192 aram
412 2141 486 2191 lovis
499 2139 588 2190 Cassii
599 2147 710 2192 eantare
721 2141 883 2210 auspicatus
894 2151 945 2198 est.

231 2216 331 2268 XXlll.
357 2215 513 2267 certamina
528 2214 655 2284 deinceps
673 2217 743 2267 obiit
759 2219 863 2270 omnia.
902 2221 974 2270 Nam
1006 2223 1007 2308 p

175 2299 203 2346 et
223 2307 293 2358 quae
314 2291 562 2342 diversissimorum
581 2296 736 2359 temporum
756 2298 838 2357 sunt,
861 2297 927 2362 cogi
946 2297 973 2345 in
1006 2311 1007 2344 u

173 2384 258 2420 unmn
289 2381 402 2430 annum,
430 2365 594 2432 quibusdam
624 2368 705 2418 etiam
731 2367 854 2431 iteratis,
881 2371 972 2421 iussit.

176 2443 322 2510 Olympiae
336 2456 446 2509 quoque
466 2445 574 2506 praeter
589 2442 815 2494 consuetudinem
836 2445 971 2497 musicum

173 2533 265 2585 agona
281 2515 425 2568 commisit.
464 2515 503 2564 Ac
517 2531 551 2566 ne
562 2517 628 2582 quid
639 2517 714 2568 circa
724 2515 793 2568 baec
804 2527 969 2586 occupatum

172 2598 302 2644 avocaret
316 2591 493 2652 detineretve,
515 2605 596 2656 quum
611 2593 769 2661 praesentia
782 2595 842 2644 eius
856 2597 968 2648 urbicas

170 2682 214 2717 res
229 2681 307 2733 egere
324 2681 340 2714 a
355 2665 453 2717 liberto
465 2663 548 2716 Helio
561 2666 761 2731 admoneretur,
772 2669 921 2737 rescripsit
930 2669 968 2721 his

170 2741 280 2791 verbis:
303 2739 427 2802 Quanam
447 2755 516 2791 trane
536 2748 609 2793 tuum
624 2742 759 2796 comitiam
774 2741 965 2810 citatorium,
