<?xml version="1.0" encoding="UTF-8"?>
<!DOCTYPE html PUBLIC "-//W3C//DTD XHTML 1.0 Transitional//EN"
    "http://www.w3.org/TR/xhtml1/DTD/xhtml1-transitional.dtd">
<html xmlns="http://www.w3.org/1999/xhtml" xml:lang="en" lang="en">
 <head>
  <title>
</title>
<meta http-equiv="Content-Type" content="text/html;charset=utf-8" />
  <meta name='ocr-system' content='tesseract 3.04.00' />
  <meta name='ocr-capabilities' content='ocr_page ocr_carea ocr_par ocr_line ocrx_word'/>
</head>
<body>
  <div class='ocr_page' id='page_1' title='image "./csuetoniitranqu05suetgoog_0354.png"; bbox 0 0 2044 3028; ppageno 0'>
   <div class='ocr_carea' id='block_1_1' title="bbox 106 135 619 226">
    <p class='ocr_par' dir='ltr' id='par_1_1' title="bbox 106 135 619 226">
     <span class='ocr_line' id='line_1_1' title="bbox 106 135 619 226; baseline -0.01 -1"><span class='ocrx_word' id='word_1_1' title='bbox 106 172 155 226; x_wconf 80' lang='lat' dir='ltr'>am</span> <span class='ocrx_word' id='word_1_2' title='bbox 362 135 411 220; x_wconf 79' lang='lat' dir='ltr'>c.</span> <span class='ocrx_word' id='word_1_3' title='bbox 436 173 619 222; x_wconf 84' lang='lat' dir='ltr'>suurouu</span> 
     </span>
    </p>
   </div>
   <div class='ocr_carea' id='block_1_2' title="bbox 105 293 906 1342">
    <p class='ocr_par' dir='ltr' id='par_1_2' title="bbox 105 293 903 445">
     <span class='ocr_line' id='line_1_2' title="bbox 105 293 903 366; baseline -0.003 -14"><span class='ocrx_word' id='word_1_4' title='bbox 105 301 134 352; x_wconf 82' lang='lat' dir='ltr'>in</span> <span class='ocrx_word' id='word_1_5' title='bbox 149 299 237 361; x_wconf 65' lang='lat' dir='ltr'>ululo,</span> <span class='ocrx_word' id='word_1_6' title='bbox 249 296 481 362; x_wconf 62' lang='lat' dir='ltr'>secuturarum</span> <span class='ocrx_word' id='word_1_7' title='bbox 491 296 599 350; x_wconf 64' lang='lat' dir='ltr'>incombs&#39;</span> <span class='ocrx_word' id='word_1_8' title='bbox 613 296 718 350; x_wconf 78' lang='lat' dir='ltr'>solitum</span> <span class='ocrx_word' id='word_1_9' title='bbox 728 311 805 360; x_wconf 80' lang='lat' dir='ltr'>esse,·</span> <span class='ocrx_word' id='word_1_10' title='bbox 826 293 903 366; x_wconf 68' lang='lat' dir='ltr'>quas</span> 
     </span>
     <span class='ocr_line' id='line_1_3' title="bbox 105 372 626 445; baseline -0.015 -15"><span class='ocrx_word' id='word_1_11' title='bbox 105 392 157 430; x_wconf 79' lang='lat' dir='ltr'>nou</span> <span class='ocrx_word' id='word_1_12' title='bbox 163 373 312 445; x_wconf 79' lang='lat' dir='ltr'>perfectum</span> <span class='ocrx_word' id='word_1_13' title='bbox 321 372 424 438; x_wconf 80' lang='lat' dir='ltr'>litteris,</span> <span class='ocrx_word' id='word_1_14' title='bbox 436 375 481 425; x_wconf 82' lang='lat' dir='ltr'>sed</span> <span class='ocrx_word' id='word_1_15' title='bbox 489 373 626 426; x_wconf 67' lang='lat' dir='ltr'>imbutum,</span> 
     </span>
    </p>

    <p class='ocr_par' dir='ltr' id='par_1_3' title="bbox 106 446 906 1342">
     <span class='ocr_line' id='line_1_4' title="bbox 161 446 903 516; baseline -0.004 -14"><span class='ocrx_word' id='word_1_16' title='bbox 161 447 274 502; x_wconf 81' lang='lat' dir='ltr'>Veteres</span> <span class='ocrx_word' id='word_1_17' title='bbox 288 449 462 516; x_wconf 83' lang='lat' dir='ltr'>grammatici</span> <span class='ocrx_word' id='word_1_18' title='bbox 472 456 498 501; x_wconf 88' lang='lat' dir='ltr'>ct</span> <span class='ocrx_word' id='word_1_19' title='bbox 511 446 676 502; x_wconf 75' lang='lat' dir='ltr'>rhetoricam</span> <span class='ocrx_word' id='word_1_20' title='bbox 691 449 849 512; x_wconf 81' lang='lat' dir='ltr'>docebant3</span> <span class='ocrx_word' id='word_1_21' title='bbox 869 465 903 500; x_wconf 93' lang='lat' dir='ltr'>ac</span> 
     </span>
     <span class='ocr_line' id='line_1_5' title="bbox 106 524 902 591; baseline -0.008 -11"><span class='ocrx_word' id='word_1_22' title='bbox 106 525 254 580; x_wconf 89' lang='lat' dir='ltr'>multorum</span> <span class='ocrx_word' id='word_1_23' title='bbox 266 524 299 576; x_wconf 88' lang='lat' dir='ltr'>de</span> <span class='ocrx_word' id='word_1_24' title='bbox 308 529 425 591; x_wconf 90' lang='lat' dir='ltr'>utraque</span> <span class='ocrx_word' id='word_1_25' title='bbox 437 531 495 576; x_wconf 88' lang='lat' dir='ltr'>arte</span> <span class='ocrx_word' id='word_1_26' title='bbox 507 525 696 576; x_wconf 88' lang='lat' dir='ltr'>commentarii</span> <span class='ocrx_word' id='word_1_27' title='bbox 706 524 846 576; x_wconf 71' lang='lat' dir='ltr'>feriuntur:</span> <span class='ocrx_word' id='word_1_28' title='bbox 860 541 902 574; x_wconf 91' lang='lat' dir='ltr'>se-</span> 
     </span>
     <span class='ocr_line' id='line_1_6' title="bbox 107 600 903 668; baseline -0.005 -14"><span class='ocrx_word' id='word_1_29' title='bbox 107 600 224 654; x_wconf 88' lang='lat' dir='ltr'>cundum</span> <span class='ocrx_word' id='word_1_30' title='bbox 248 614 330 666; x_wconf 89' lang='lat' dir='ltr'>quam</span> <span class='ocrx_word' id='word_1_31' title='bbox 355 600 579 654; x_wconf 86' lang='lat' dir='ltr'>cousuetudinem</span> <span class='ocrx_word' id='word_1_32' title='bbox 602 600 772 666; x_wconf 77' lang='lat' dir='ltr'>posteriores</span> <span class='ocrx_word' id='word_1_33' title='bbox 792 614 903 668; x_wconf 87' lang='lat' dir='ltr'>quoque</span> 
     </span>
     <span class='ocr_line' id='line_1_7' title="bbox 106 673 903 741; baseline -0.003 -14"><span class='ocrx_word' id='word_1_34' title='bbox 106 676 246 738; x_wconf 84' lang='lat' dir='ltr'>existimo,</span> <span class='ocrx_word' id='word_1_35' title='bbox 268 689 431 741; x_wconf 89' lang='lat' dir='ltr'>quamquam</span> <span class='ocrx_word' id='word_1_36' title='bbox 451 674 507 726; x_wconf 88' lang='lat' dir='ltr'>iam</span> <span class='ocrx_word' id='word_1_37' title='bbox 528 675 653 727; x_wconf 89' lang='lat' dir='ltr'>discretis</span> <span class='ocrx_word' id='word_1_38' title='bbox 672 673 903 740; x_wconf 76' lang='lat' dir='ltr'>professionibus,</span> 
     </span>
     <span class='ocr_line' id='line_1_8' title="bbox 106 746 904 816; baseline -0.001 -16"><span class='ocrx_word' id='word_1_39' title='bbox 106 749 284 800; x_wconf 84' lang='lat' dir='ltr'>nihilominus</span> <span class='ocrx_word' id='word_1_40' title='bbox 303 746 347 798; x_wconf 84' lang='lat' dir='ltr'>vel</span> <span class='ocrx_word' id='word_1_41' title='bbox 370 750 515 800; x_wconf 84' lang='lat' dir='ltr'>retinuisse</span> <span class='ocrx_word' id='word_1_42' title='bbox 535 750 579 800; x_wconf 89' lang='lat' dir='ltr'>vel</span> <span class='ocrx_word' id='word_1_43' title='bbox 602 749 754 801; x_wconf 86' lang='lat' dir='ltr'>instituisse</span> <span class='ocrx_word' id='word_1_44' title='bbox 774 755 803 800; x_wconf 89' lang='lat' dir='ltr'>et</span> <span class='ocrx_word' id='word_1_45' title='bbox 826 750 904 816; x_wconf 89' lang='lat' dir='ltr'>ipsos</span> 
     </span>
     <span class='ocr_line' id='line_1_9' title="bbox 108 823 903 893; baseline -0.003 -17"><span class='ocrx_word' id='word_1_46' title='bbox 108 823 242 893; x_wconf 84' lang='lat' dir='ltr'>quaedam</span> <span class='ocrx_word' id='word_1_47' title='bbox 252 837 352 890; x_wconf 83' lang='lat' dir='ltr'>genera</span> <span class='ocrx_word' id='word_1_48' title='bbox 362 823 566 884; x_wconf 74' lang='lat' dir='ltr'>institutionum</span> <span class='ocrx_word' id='word_1_49' title='bbox 577 825 612 875; x_wconf 90' lang='lat' dir='ltr'>ad</span> <span class='ocrx_word' id='word_1_50' title='bbox 627 824 814 892; x_wconf 87' lang='lat' dir='ltr'>eloquentiam</span> <span class='ocrx_word' id='word_1_51' title='bbox 824 839 903 890; x_wconf 80' lang='lat' dir='ltr'>prae-</span> 
     </span>
     <span class='ocr_line' id='line_1_10' title="bbox 107 897 903 968; baseline 0 -18"><span class='ocrx_word' id='word_1_52' title='bbox 107 897 267 966; x_wconf 89' lang='lat' dir='ltr'>parandam,</span> <span class='ocrx_word' id='word_1_53' title='bbox 277 903 309 948; x_wconf 92' lang='lat' dir='ltr'>ut</span> <span class='ocrx_word' id='word_1_54' title='bbox 318 899 498 965; x_wconf 89' lang='lat' dir='ltr'>problemata,</span> <span class='ocrx_word' id='word_1_55' title='bbox 511 897 697 968; x_wconf 80' lang='lat' dir='ltr'>paraphrasis,</span> <span class='ocrx_word' id='word_1_56' title='bbox 708 899 903 961; x_wconf 79' lang='lat' dir='ltr'>allocutiones,</span> 
     </span>
     <span class='ocr_line' id='line_1_11' title="bbox 108 973 905 1041; baseline -0.001 -16"><span class='ocrx_word' id='word_1_57' title='bbox 108 973 271 1040; x_wconf 78' lang='lat' dir='ltr'>ethologiae,</span> <span class='ocrx_word' id='word_1_58' title='bbox 293 981 375 1041; x_wconf 88' lang='lat' dir='ltr'>atque</span> <span class='ocrx_word' id='word_1_59' title='bbox 395 975 452 1024; x_wconf 86' lang='lat' dir='ltr'>alia</span> <span class='ocrx_word' id='word_1_60' title='bbox 471 973 524 1026; x_wconf 89' lang='lat' dir='ltr'>hoc</span> <span class='ocrx_word' id='word_1_61' title='bbox 542 989 635 1041; x_wconf 79' lang='lat' dir='ltr'>genus,</span> <span class='ocrx_word' id='word_1_62' title='bbox 655 989 690 1026; x_wconf 88' lang='lat' dir='ltr'>ue</span> <span class='ocrx_word' id='word_1_63' title='bbox 709 974 905 1026; x_wconf 82' lang='lat' dir='ltr'>scilicetsicci</span> 
     </span>
     <span class='ocr_line' id='line_1_12' title="bbox 110 1048 903 1115; baseline 0 -16"><span class='ocrx_word' id='word_1_64' title='bbox 110 1050 220 1100; x_wconf 90' lang='lat' dir='ltr'>omnino</span> <span class='ocrx_word' id='word_1_65' title='bbox 242 1055 323 1114; x_wconf 89' lang='lat' dir='ltr'>atque</span> <span class='ocrx_word' id='word_1_66' title='bbox 344 1049 416 1098; x_wconf 86' lang='lat' dir='ltr'>aridi</span> <span class='ocrx_word' id='word_1_67' title='bbox 436 1050 515 1115; x_wconf 92' lang='lat' dir='ltr'>pueri</span> <span class='ocrx_word' id='word_1_68' title='bbox 534 1048 690 1100; x_wconf 88' lang='lat' dir='ltr'>rhetoribus</span> <span class='ocrx_word' id='word_1_69' title='bbox 711 1049 903 1100; x_wconf 85' lang='lat' dir='ltr'>traderentur:</span> 
     </span>
     <span class='ocr_line' id='line_1_13' title="bbox 109 1123 906 1192; baseline 0 -18"><span class='ocrx_word' id='word_1_70' title='bbox 109 1140 179 1191; x_wconf 87' lang='lat' dir='ltr'>quae</span> <span class='ocrx_word' id='word_1_71' title='bbox 190 1123 299 1190; x_wconf 91' lang='lat' dir='ltr'>quidem</span> <span class='ocrx_word' id='word_1_72' title='bbox 310 1124 399 1175; x_wconf 86' lang='lat' dir='ltr'>emitti</span> <span class='ocrx_word' id='word_1_73' title='bbox 410 1124 467 1176; x_wconf 89' lang='lat' dir='ltr'>iam</span> <span class='ocrx_word' id='word_1_74' title='bbox 477 1124 557 1175; x_wconf 85' lang='lat' dir='ltr'>video</span> <span class='ocrx_word' id='word_1_75' title='bbox 570 1124 677 1174; x_wconf 87' lang='lat' dir='ltr'>desidia</span> <span class='ocrx_word' id='word_1_76' title='bbox 692 1123 866 1192; x_wconf 71' lang='lat' dir='ltr'>quorumdam</span> <span class='ocrx_word' id='word_1_77' title='bbox 878 1130 906 1174; x_wconf 92' lang='lat' dir='ltr'>et</span> 
     </span>
     <span class='ocr_line' id='line_1_14' title="bbox 108 1198 906 1265; baseline -0.001 -16"><span class='ocrx_word' id='word_1_78' title='bbox 108 1199 245 1260; x_wconf 80' lang='lat' dir='ltr'>infantia3</span> <span class='ocrx_word' id='word_1_79' title='bbox 274 1213 329 1248; x_wconf 89' lang='lat' dir='ltr'>uon</span> <span class='ocrx_word' id='word_1_80' title='bbox 349 1199 421 1248; x_wconf 91' lang='lat' dir='ltr'>euim</span> <span class='ocrx_word' id='word_1_81' title='bbox 441 1198 555 1250; x_wconf 86' lang='lat' dir='ltr'>fastidio</span> <span class='ocrx_word' id='word_1_82' title='bbox 577 1203 677 1265; x_wconf 90' lang='lat' dir='ltr'>putem.</span> <span class='ocrx_word' id='word_1_83' title='bbox 725 1198 772 1250; x_wconf 89' lang='lat' dir='ltr'>Me</span> <span class='ocrx_word' id='word_1_84' title='bbox 792 1198 906 1265; x_wconf 85' lang='lat' dir='ltr'>quidem</span> 
     </span>
     <span class='ocr_line' id='line_1_15' title="bbox 109 1271 903 1342; baseline -0.001 -18"><span class='ocrx_word' id='word_1_85' title='bbox 109 1271 327 1335; x_wconf 88' lang='lat' dir='ltr'>adolescentulo,</span> <span class='ocrx_word' id='word_1_86' title='bbox 339 1279 445 1340; x_wconf 90' lang='lat' dir='ltr'>repeto,</span> <span class='ocrx_word' id='word_1_87' title='bbox 458 1273 605 1342; x_wconf 80' lang='lat' dir='ltr'>quendam,</span> <span class='ocrx_word' id='word_1_88' title='bbox 616 1272 772 1340; x_wconf 84' lang='lat' dir='ltr'>Principem</span> <span class='ocrx_word' id='word_1_89' title='bbox 782 1274 903 1336; x_wconf 88' lang='lat' dir='ltr'>nomine,</span> 
     </span>
    </p>
   </div>
   <div class='ocr_carea' id='block_1_3' title="bbox 111 1347 1001 1416">
    <p class='ocr_par' dir='ltr' id='par_1_4' title="bbox 111 1347 1001 1416">
     <span class='ocr_line' id='line_1_16' title="bbox 111 1347 1001 1416; baseline -0.002 -18"><span class='ocrx_word' id='word_1_90' title='bbox 111 1348 224 1399; x_wconf 89' lang='lat' dir='ltr'>alternis</span> <span class='ocrx_word' id='word_1_91' title='bbox 239 1347 335 1398; x_wconf 90' lang='lat' dir='ltr'>diebus</span> <span class='ocrx_word' id='word_1_92' title='bbox 350 1347 517 1412; x_wconf 86' lang='lat' dir='ltr'>declamare,</span> <span class='ocrx_word' id='word_1_93' title='bbox 538 1348 649 1399; x_wconf 89' lang='lat' dir='ltr'>alternis</span> <span class='ocrx_word' id='word_1_94' title='bbox 665 1348 820 1416; x_wconf 86' lang='lat' dir='ltr'>disputare,</span> <span class='ocrx_word' id='word_1_95' title='bbox 836 1363 906 1398; x_wconf 63' lang='lat' dir='ltr'>non·⁴</span> <span class='ocrx_word' id='word_1_96' title='bbox 1000 1391 1001 1396; x_wconf 75' lang='grc'>,</span> 
     </span>
    </p>
   </div>
   <div class='ocr_carea' id='block_1_4' title="bbox 102 1423 933 2766">
    <p class='ocr_par' dir='ltr' id='par_1_5' title="bbox 109 1423 933 1790">
     <span class='ocr_line' id='line_1_17' title="bbox 109 1423 901 1491; baseline -0.003 -17"><span class='ocrx_word' id='word_1_97' title='bbox 109 1423 192 1474; x_wconf 84' lang='lat' dir='ltr'>nullis</span> <span class='ocrx_word' id='word_1_98' title='bbox 206 1437 271 1474; x_wconf 91' lang='lat' dir='ltr'>vero</span> <span class='ocrx_word' id='word_1_99' title='bbox 287 1437 366 1474; x_wconf 75' lang='lat' dir='ltr'>usaue</span> <span class='ocrx_word' id='word_1_100' title='bbox 380 1423 525 1488; x_wconf 86' lang='lat' dir='ltr'>disserere,</span> <span class='ocrx_word' id='word_1_101' title='bbox 545 1428 609 1491; x_wconf 88' lang='lat' dir='ltr'>post</span> <span class='ocrx_word' id='word_1_102' title='bbox 623 1424 776 1487; x_wconf 85' lang='lat' dir='ltr'>meridiem,</span> <span class='ocrx_word' id='word_1_103' title='bbox 794 1427 901 1474; x_wconf 92' lang='lat' dir='ltr'>remoto</span> 
     </span>
     <span class='ocr_line' id='line_1_18' title="bbox 109 1496 933 1564; baseline 0.005 -16"><span class='ocrx_word' id='word_1_104' title='bbox 109 1497 232 1564; x_wconf 90' lang='lat' dir='ltr'>pulpito,</span> <span class='ocrx_word' id='word_1_105' title='bbox 243 1496 396 1550; x_wconf 85' lang='lat' dir='ltr'>declamare</span> <span class='ocrx_word' id='word_1_106' title='bbox 411 1498 532 1550; x_wconf 91' lang='lat' dir='ltr'>solitum.</span> <span class='ocrx_word' id='word_1_107' title='bbox 571 1498 722 1550; x_wconf 82' lang='lat' dir='ltr'>dudlebam</span> <span class='ocrx_word' id='word_1_108' title='bbox 736 1499 833 1562; x_wconf 91' lang='lat' dir='ltr'>etiam,</span> <span class='ocrx_word' id='word_1_109' title='bbox 848 1514 905 1549; x_wconf 89' lang='lat' dir='ltr'>me·</span> <span class='ocrx_word' id='word_1_110' title='bbox 931 1547 933 1552; x_wconf 93' lang='lat'><em>.</em></span> 
     </span>
     <span class='ocr_line' id='line_1_19' title="bbox 110 1573 904 1642; baseline -0.001 -17"><span class='ocrx_word' id='word_1_111' title='bbox 110 1573 199 1625; x_wconf 73' lang='lat' dir='ltr'>nioria</span> <span class='ocrx_word' id='word_1_112' title='bbox 217 1578 325 1638; x_wconf 88' lang='lat' dir='ltr'>patrum</span> <span class='ocrx_word' id='word_1_113' title='bbox 346 1573 513 1640; x_wconf 80' lang='lat' dir='ltr'>quosdame</span> <span class='ocrx_word' id='word_1_114' title='bbox 532 1575 704 1642; x_wconf 84' lang='lat' dir='ltr'>grammatici</span> <span class='ocrx_word' id='word_1_115' title='bbox 722 1573 816 1624; x_wconf 83' lang='lat' dir='ltr'>statim</span> <span class='ocrx_word' id='word_1_116' title='bbox 836 1573 904 1624; x_wconf 91' lang='lat' dir='ltr'>ludo</span> 
     </span>
     <span class='ocr_line' id='line_1_20' title="bbox 109 1646 905 1715; baseline 0.001 -17"><span class='ocrx_word' id='word_1_117' title='bbox 109 1649 241 1698; x_wconf 88' lang='lat' dir='ltr'>transisse</span> <span class='ocrx_word' id='word_1_118' title='bbox 255 1648 284 1696; x_wconf 89' lang='lat' dir='ltr'>iu</span> <span class='ocrx_word' id='word_1_119' title='bbox 299 1646 401 1710; x_wconf 82' lang='lat' dir='ltr'>fourm,</span> <span class='ocrx_word' id='word_1_120' title='bbox 418 1654 499 1715; x_wconf 85' lang='lat' dir='ltr'>atquo</span> <span class='ocrx_word' id='word_1_121' title='bbox 510 1649 538 1700; x_wconf 90' lang='lat' dir='ltr'>in</span> <span class='ocrx_word' id='word_1_122' title='bbox 549 1665 689 1702; x_wconf 90' lang='lat' dir='ltr'>numerum</span> <span class='ocrx_word' id='word_1_123' title='bbox 699 1649 905 1715; x_wconf 53' lang='lat' dir='ltr'>praestantissin</span> 
     </span>
     <span class='ocr_line' id='line_1_21' title="bbox 111 1725 724 1790; baseline 0 -14"><span class='ocrx_word' id='word_1_124' title='bbox 111 1738 216 1776; x_wconf 88' lang='lat' dir='ltr'>morum</span> <span class='ocrx_word' id='word_1_125' title='bbox 227 1726 406 1787; x_wconf 87' lang='lat' dir='ltr'>patronorum</span> <span class='ocrx_word' id='word_1_126' title='bbox 417 1729 550 1790; x_wconf 87' lang='lat' dir='ltr'>receptos.</span> <span class='ocrx_word' id='word_1_127' title='bbox 723 1725 724 1730; x_wconf 75' lang='grc'>’</span> 
     </span>
    </p>

    <p class='ocr_par' dir='ltr' id='par_1_6' title="bbox 112 1795 905 1940">
     <span class='ocr_line' id='line_1_22' title="bbox 167 1795 905 1868; baseline 0.001 -20"><span class='ocrx_word' id='word_1_128' title='bbox 167 1797 243 1848; x_wconf 86' lang='lat' dir='ltr'>Clari</span> <span class='ocrx_word' id='word_1_129' title='bbox 256 1795 439 1864; x_wconf 81' lang='lat' dir='ltr'>professores,</span> <span class='ocrx_word' id='word_1_130' title='bbox 456 1805 483 1850; x_wconf 90' lang='lat' dir='ltr'>et</span> <span class='ocrx_word' id='word_1_131' title='bbox 497 1799 530 1850; x_wconf 89' lang='lat' dir='ltr'>de</span> <span class='ocrx_word' id='word_1_132' title='bbox 545 1801 644 1868; x_wconf 86' lang='lat' dir='ltr'>quibus</span> <span class='ocrx_word' id='word_1_133' title='bbox 658 1798 740 1866; x_wconf 89' lang='lat' dir='ltr'>prodi</span> <span class='ocrx_word' id='word_1_134' title='bbox 754 1799 844 1866; x_wconf 88' lang='lat' dir='ltr'>possit</span> <span class='ocrx_word' id='word_1_135' title='bbox 855 1799 905 1849; x_wconf 90' lang='lat' dir='ltr'>ali-</span> 
     </span>
     <span class='ocr_line' id='line_1_23' title="bbox 112 1871 692 1940; baseline 0 -16"><span class='ocrx_word' id='word_1_136' title='bbox 112 1873 177 1940; x_wconf 90' lang='lat' dir='ltr'>quid</span> <span class='ocrx_word' id='word_1_137' title='bbox 189 1873 331 1923; x_wconf 85' lang='lat' dir='ltr'>dumtaxat</span> <span class='ocrx_word' id='word_1_138' title='bbox 342 1889 358 1924; x_wconf 89' lang='lat' dir='ltr'>a</span> <span class='ocrx_word' id='word_1_139' title='bbox 368 1875 457 1937; x_wconf 89' lang='lat' dir='ltr'>nobis,</span> <span class='ocrx_word' id='word_1_140' title='bbox 469 1873 526 1925; x_wconf 87' lang='lat' dir='ltr'>fere</span> <span class='ocrx_word' id='word_1_141' title='bbox 536 1871 564 1924; x_wconf 92' lang='lat' dir='ltr'>hi</span> <span class='ocrx_word' id='word_1_142' title='bbox 574 1874 692 1926; x_wconf 86' lang='lat' dir='ltr'>fuerunt.</span> 
     </span>
    </p>

    <p class='ocr_par' dir='ltr' id='par_1_7' title="bbox 111 1947 905 2315">
     <span class='ocr_line' id='line_1_24' title="bbox 167 1947 904 2015; baseline 0.001 -17"><span class='ocrx_word' id='word_1_143' title='bbox 167 1947 199 1998; x_wconf 88' lang='lat' dir='ltr'>V.</span> <span class='ocrx_word' id='word_1_144' title='bbox 222 1947 346 2000; x_wconf 75' lang='lat' dir='ltr'>Susvrus</span> <span class='ocrx_word' id='word_1_145' title='bbox 367 1948 499 2000; x_wconf 76' lang='lat' dir='ltr'>Nreuuoa</span> <span class='ocrx_word' id='word_1_146' title='bbox 518 1949 621 2015; x_wconf 90' lang='lat' dir='ltr'>primus</span> <span class='ocrx_word' id='word_1_147' title='bbox 640 1949 675 1999; x_wconf 87' lang='lat' dir='ltr'>ad</span> <span class='ocrx_word' id='word_1_148' title='bbox 690 1947 792 2001; x_wconf 83' lang='lat' dir='ltr'>famam</span> <span class='ocrx_word' id='word_1_149' title='bbox 808 1948 904 2015; x_wconf 83' lang='lat' dir='ltr'>digna-</span> 
     </span>
     <span class='ocr_line' id='line_1_25' title="bbox 111 2023 904 2092; baseline 0 -18"><span class='ocrx_word' id='word_1_150' title='bbox 111 2024 267 2089; x_wconf 89' lang='lat' dir='ltr'>tionemque</span> <span class='ocrx_word' id='word_1_151' title='bbox 281 2023 406 2075; x_wconf 89' lang='lat' dir='ltr'>docendo</span> <span class='ocrx_word' id='word_1_152' title='bbox 422 2025 561 2089; x_wconf 86' lang='lat' dir='ltr'>pervenit:</span> <span class='ocrx_word' id='word_1_153' title='bbox 581 2023 700 2092; x_wconf 84' lang='lat' dir='ltr'>fecitque</span> <span class='ocrx_word' id='word_1_154' title='bbox 710 2031 821 2090; x_wconf 85' lang='lat' dir='ltr'>praeter</span> <span class='ocrx_word' id='word_1_155' title='bbox 832 2039 904 2076; x_wconf 89' lang='lat' dir='ltr'>com-</span> 
     </span>
     <span class='ocr_line' id='line_1_26' title="bbox 111 2098 903 2166; baseline 0.001 -19"><span class='ocrx_word' id='word_1_156' title='bbox 111 2098 268 2160; x_wconf 87' lang='lat' dir='ltr'>mentarios,</span> <span class='ocrx_word' id='word_1_157' title='bbox 276 2113 391 2164; x_wconf 81' lang='lat' dir='ltr'>quomm</span> <span class='ocrx_word' id='word_1_158' title='bbox 402 2105 491 2150; x_wconf 88' lang='lat' dir='ltr'>tamen</span> <span class='ocrx_word' id='word_1_159' title='bbox 502 2115 566 2164; x_wconf 88' lang='lat' dir='ltr'>pars</span> <span class='ocrx_word' id='word_1_160' title='bbox 577 2100 697 2150; x_wconf 86' lang='lat' dir='ltr'>maxima</span> <span class='ocrx_word' id='word_1_161' title='bbox 706 2099 859 2166; x_wconf 86' lang='lat' dir='ltr'>intercepta</span> <span class='ocrx_word' id='word_1_162' title='bbox 864 2099 903 2149; x_wconf 89' lang='lat' dir='ltr'>di-</span> 
     </span>
     <span class='ocr_line' id='line_1_27' title="bbox 111 2173 905 2242; baseline 0.003 -20"><span class='ocrx_word' id='word_1_163' title='bbox 111 2174 194 2236; x_wconf 86' lang='lat' dir='ltr'>citur,</span> <span class='ocrx_word' id='word_1_164' title='bbox 206 2173 319 2222; x_wconf 82' lang='lat' dir='ltr'>satiram</span> <span class='ocrx_word' id='word_1_165' title='bbox 335 2188 443 2241; x_wconf 92' lang='lat' dir='ltr'>quoque</span> <span class='ocrx_word' id='word_1_166' title='bbox 455 2189 461 2235; x_wconf 83' lang='lat'>3</span> <span class='ocrx_word' id='word_1_167' title='bbox 481 2175 510 2225; x_wconf 93' lang='lat' dir='ltr'>in</span> <span class='ocrx_word' id='word_1_168' title='bbox 522 2189 576 2240; x_wconf 89' lang='lat' dir='ltr'>qua</span> <span class='ocrx_word' id='word_1_169' title='bbox 590 2174 745 2226; x_wconf 90' lang='lat' dir='ltr'>libertinum</span> <span class='ocrx_word' id='word_1_170' title='bbox 760 2189 790 2225; x_wconf 90' lang='lat' dir='ltr'>se</span> <span class='ocrx_word' id='word_1_171' title='bbox 800 2173 905 2242; x_wconf 90' lang='lat' dir='ltr'>duplici</span> 
     </span>
     <span class='ocr_line' id='line_1_28' title="bbox 112 2247 609 2315; baseline 0.006 -18"><span class='ocrx_word' id='word_1_172' title='bbox 112 2247 273 2314; x_wconf 81' lang='lat' dir='ltr'>cognomine</span> <span class='ocrx_word' id='word_1_173' title='bbox 284 2263 355 2310; x_wconf 87' lang='lat' dir='ltr'>esse,</span> <span class='ocrx_word' id='word_1_174' title='bbox 366 2265 415 2315; x_wconf 91' lang='lat' dir='ltr'>per</span> <span class='ocrx_word' id='word_1_175' title='bbox 424 2247 478 2299; x_wconf 93' lang='lat' dir='ltr'>hoc</span> <span class='ocrx_word' id='word_1_176' title='bbox 486 2248 609 2300; x_wconf 83' lang='lat' dir='ltr'>indicat:</span> 
     </span>
    </p>

    <p class='ocr_par' dir='ltr' id='par_1_8' title="bbox 102 2320 904 2614">
     <span class='ocr_line' id='line_1_29' title="bbox 149 2320 764 2393; baseline 0.007 -23"><span class='ocrx_word' id='word_1_177' title='bbox 149 2321 256 2372; x_wconf 78' lang='lat' dir='ltr'>Saenius</span> <span class='ocrx_word' id='word_1_178' title='bbox 267 2320 396 2384; x_wconf 81' lang='lat' dir='ltr'>Nicanor,</span> <span class='ocrx_word' id='word_1_179' title='bbox 409 2321 499 2376; x_wconf 83' lang='lat' dir='ltr'>Marci</span> <span class='ocrx_word' id='word_1_180' title='bbox 507 2323 624 2387; x_wconf 79' lang='lat' dir='ltr'>libertus,</span> <span class='ocrx_word' id='word_1_181' title='bbox 637 2323 744 2393; x_wconf 76' lang='lat' dir='ltr'>negabit</span> <span class='ocrx_word' id='word_1_182' title='bbox 755 2342 764 2374; x_wconf 90' lang='grc'>.·</span> 
     </span>
     <span class='ocr_line' id='line_1_30' title="bbox 102 2389 857 2460; baseline 0.005 -16"><span class='ocrx_word' id='word_1_183' title='bbox 102 2389 106 2400; x_wconf 90' lang='lat'>&#39;</span> <span class='ocrx_word' id='word_1_184' title='bbox 125 2447 128 2452; x_wconf 64' lang='grc'>,</span> <span class='ocrx_word' id='word_1_185' title='bbox 149 2395 257 2446; x_wconf 76' lang='lat' dir='ltr'>Saenius</span> <span class='ocrx_word' id='word_1_186' title='bbox 268 2395 454 2449; x_wconf 71' lang='lat' dir='ltr'>Postumioque</span> <span class='ocrx_word' id='word_1_187' title='bbox 470 2398 554 2460; x_wconf 80' lang='lat' dir='ltr'>item;</span> <span class='ocrx_word' id='word_1_188' title='bbox 574 2401 619 2451; x_wconf 76' lang='lat' dir='ltr'>ced</span> <span class='ocrx_word' id='word_1_189' title='bbox 628 2394 737 2451; x_wconf 77' lang='lat' dir='ltr'>Morcus</span> <span class='ocrx_word' id='word_1_190' title='bbox 747 2399 857 2450; x_wconf 77' lang='lat' dir='ltr'>docebit.</span> 
     </span>
     <span class='ocr_line' id='line_1_31' title="bbox 112 2468 904 2542; baseline 0.008 -24"><span class='ocrx_word' id='word_1_191' title='bbox 112 2468 182 2520; x_wconf 90' lang='lat' dir='ltr'>Sunt</span> <span class='ocrx_word' id='word_1_192' title='bbox 191 2471 239 2537; x_wconf 91' lang='lat' dir='ltr'>qui</span> <span class='ocrx_word' id='word_1_193' title='bbox 248 2471 371 2536; x_wconf 89' lang='lat' dir='ltr'>tradant,</span> <span class='ocrx_word' id='word_1_194' title='bbox 383 2473 418 2524; x_wconf 92' lang='lat' dir='ltr'>ob</span> <span class='ocrx_word' id='word_1_195' title='bbox 429 2471 573 2540; x_wconf 82' lang='lat' dir='ltr'>infamiam</span> <span class='ocrx_word' id='word_1_196' title='bbox 583 2475 719 2542; x_wconf 89' lang='lat' dir='ltr'>quandam</span> <span class='ocrx_word' id='word_1_197' title='bbox 731 2490 791 2526; x_wconf 89' lang='lat' dir='ltr'>eum</span> <span class='ocrx_word' id='word_1_198' title='bbox 802 2475 831 2526; x_wconf 89' lang='lat' dir='ltr'>in</span> <span class='ocrx_word' id='word_1_199' title='bbox 842 2473 904 2526; x_wconf 86' lang='lat' dir='ltr'>Sar·</span> 
     </span>
     <span class='ocr_line' id='line_1_32' title="bbox 112 2541 677 2614; baseline 0.018 -24"><span class='ocrx_word' id='word_1_200' title='bbox 112 2541 215 2593; x_wconf 85' lang='lat' dir='ltr'>diniam</span> <span class='ocrx_word' id='word_1_201' title='bbox 227 2547 379 2610; x_wconf 89' lang='lat' dir='ltr'>secessisse,</span> <span class='ocrx_word' id='word_1_202' title='bbox 390 2547 483 2614; x_wconf 87' lang='lat' dir='ltr'>ibique</span> <span class='ocrx_word' id='word_1_203' title='bbox 494 2547 565 2600; x_wconf 88' lang='lat' dir='ltr'>diem</span> <span class='ocrx_word' id='word_1_204' title='bbox 577 2550 677 2601; x_wconf 89' lang='lat' dir='ltr'>obisse.</span> 
     </span>
    </p>

    <p class='ocr_par' dir='ltr' id='par_1_9' title="bbox 111 2616 904 2766">
     <span class='ocr_line' id='line_1_33' title="bbox 167 2616 904 2690; baseline 0.011 -24"><span class='ocrx_word' id='word_1_205' title='bbox 167 2616 214 2666; x_wconf 89' lang='lat' dir='ltr'>VI.</span> <span class='ocrx_word' id='word_1_206' title='bbox 234 2619 379 2670; x_wconf 71' lang='lat' dir='ltr'>,laurinus</span> <span class='ocrx_word' id='word_1_207' title='bbox 393 2621 519 2687; x_wconf 80' lang='lat' dir='ltr'>Orrnrus,</span> <span class='ocrx_word' id='word_1_208' title='bbox 530 2623 659 2690; x_wconf 80' lang='lat' dir='ltr'>Epicurei</span> <span class='ocrx_word' id='word_1_209' title='bbox 671 2624 813 2676; x_wconf 88' lang='lat' dir='ltr'>cuiusdam</span> <span class='ocrx_word' id='word_1_210' title='bbox 823 2623 904 2674; x_wconf 90' lang='lat' dir='ltr'>liber-</span> 
     </span>
     <span class='ocr_line' id='line_1_34' title="bbox 111 2689 903 2766; baseline 0.001 -13"><span class='ocrx_word' id='word_1_211' title='bbox 111 2691 169 2753; x_wconf 54' lang='grc' dir='ltr'>ωδ,</span> <span class='ocrx_word' id='word_1_212' title='bbox 182 2689 384 2766; x_wconf 75' lang='lat' dir='ltr'>Philowphiam</span> <span class='ocrx_word' id='word_1_213' title='bbox 400 2697 502 2764; x_wconf 86' lang='lat' dir='ltr'>prime,</span> <span class='ocrx_word' id='word_1_214' title='bbox 514 2693 612 2754; x_wconf 87' lang='lat' dir='ltr'>deinde</span> <span class='ocrx_word' id='word_1_215' title='bbox 622 2698 801 2764; x_wconf 77' lang='lat' dir='ltr'>rhetoricam,</span> <span class='ocrx_word' id='word_1_216' title='bbox 812 2699 903 2754; x_wconf 78' lang='lat' dir='ltr'>noris-</span> 
     </span>
    </p>
   </div>
   <div class='ocr_carea' id='block_1_5' title="bbox 0 0 1034 3028">
    <p class='ocr_par' dir='ltr' id='par_1_10' title="bbox 0 0 1034 3028">
     <span class='ocr_line' id='line_1_35' title="bbox 0 0 1034 3028; baseline 0 0"><span class='ocrx_word' id='word_1_217' title='bbox 0 0 1034 3028; x_wconf 95' lang='lat' dir='ltr'> </span> 
     </span>
    </p>
   </div>
  </div>
 </body>
</html>
