2050 3034
136 213 187 266 154
412 217 439 262 0.
467 213 656 264 SUETONII

137 357 217 411 quem
232 355 266 392 ex
285 341 482 394 consuetudine
502 355 586 406 manu
605 355 656 390 sua
677 340 832 406 cibaturus,
855 357 937 410 quum

86 431 97 440 ·
137 423 329 485 consumptum
341 434 357 468 a
371 417 496 469 formicis
511 416 673 480 invenisset,
693 417 816 468 monitus
832 425 887 482 est,
905 426 937 469 nt

134 494 191 546 vim
205 493 399 544 multitudinis
425 497 541 544 caveret.
584 491 702 542 Rediens
726 507 792 559 ergo
819 507 936 561 propere

136 569 445 636 Campaniam‚llsturae
456 569 485 618 in
495 567 656 635 languorem
666 566 778 618 incidit:
790 583 846 636 quo
858 569 935 636 paul-

134 644 191 695 lum
200 645 320 708 levatus,
337 643 460 696 Circeios
474 642 619 710 pertendit.
658 642 697 692 ilc
706 656 740 693 ne
751 657 835 710 quam
846 643 935 712 suspi-

135 721 241 770 cionem
251 717 421 769 infirmitatis
433 717 523 782 daret,
541 716 726 768 castrensibus
741 715 816 768 ludis
826 733 884 769 non
895 720 934 769 in-

133 793 229 845 terfuit
243 793 346 857 solum,
367 793 513 844 sedetiam
529 793 643 844 naissum
658 792 687 842 in
703 807 815 844 arenam
837 808 935 861 aprum

132 868 232 920 iaculis
244 868 361 936 desuper
371 867 463 936 petiit:
484 869 632 936 statimque
643 866 729 918 latere
741 867 886 935 convulso,
898 877 934 933 et,

132 949 163 994 ut
177 949 366 1010 exaestuaret,
388 943 498 994 afflatus
513 959 594 1007 aura,
614 943 643 993 in
658 943 814 1009 graviorem
833 944 936 996 recidit

132 1019 267 1071 morbum.
307 1018 478 1072 sustentavit
495 1024 586 1070 tamen
601 1017 784 1085 aliquamdiu,
806 1020 935 1085 quamvis

130 1094 268 1147 Misenum
282 1112 369 1165 usque
384 1095 512 1146 devectus
526 1092 597 1144 nihil
610 1108 644 1144 ex
659 1092 755 1144 ordine
766 1093 933 1160 quotidiano

130 1172 373 1238 praetermitteret,
388 1186 422 1221 ne
434 1169 561 1221 convivia
571 1169 681 1236 quidem
693 1183 726 1220 ao
737 1175 843 1219 ceteras
853 1169 934 1221 volu·

129 1251 229 1312 ptates,
240 1246 341 1313 partim
352 1243 572 1312 intemperantia,
584 1243 686 1310 partim
697 1241 932 1297 dissimulatione.

129 1319 200 1371 Nam
207 1319 361 1372 Chariclem
370 1319 515 1383 medicum,
522 1319 596 1386 quod
608 1323 763 1369 commeatu
774 1317 932 1385 abfuturus,

129 1396 286 1447 econvivio
302 1395 459 1462 egrediens,
480 1410 590 1445 manum
609 1394 665 1445 sibi
683 1393 830 1446 osculandi
845 1409 933 1448 carrea

130 1467 367 1537 apprehendisset,
388 1470 549 1522 existimans
559 1475 679 1520 tentatas
690 1470 725 1519 ab
737 1484 770 1520 eo
781 1483 876 1535 venas,
888 1487 932 1523 re-

127 1561 238 1599 manere
249 1561 282 1597 ac
291 1547 449 1598 recumbere
464 1543 659 1609 hortatusest‚
681 1559 851 1612 coenamque
865 1561 932 1614 pro·

127 1622 222 1672 traxit.
261 1621 320 1672 Nec
329 1620 463 1672 abstinuit
474 1618 684 1684 consuetudine,
707 1619 773 1686 quin
783 1625 850 1672 tunc
861 1637 932 1690 quo-

128 1711 180 1762 que
190 1695 298 1746 instans
308 1696 338 1746 in
348 1695 440 1746 medio
451 1693 583 1760 triclinio,
597 1700 705 1746 astante
715 1695 822 1760 lictore,
835 1696 931 1765 singu-

127 1769 170 1821 los
180 1770 273 1822 valere
284 1770 404 1822 dicentes
416 1770 577 1839 appellaret.

182 1844 310 1898 LXXlll.
330 1845 441 1898 interim
457 1862 540 1913 quum
555 1846 584 1896 in
600 1844 669 1896 actis
681 1851 793 1896 senatus
804 1844 929 1916 legisset,

126 1920 245 1974 dimissor
255 1938 288 1974 ac
298 1939 330 1974 ce
340 1921 445 1974 auditor
455 1920 558 1989 quidem
569 1920 693 1987 quosdam
703 1937 770 1984 reor,
781 1921 815 1973 de
827 1923 930 1988 quibus

125 1998 255 2062 strictim,
277 2006 304 2050 et
323 1997 394 2049 nihil
414 1997 490 2049 aliud
511 2012 592 2063 quam
607 1996 765 2047 nominatos
785 1996 820 2048 ab
834 1997 930 2051 indice

125 2073 288 2140 scripserat;
308 2090 359 2142 pro
375 2078 531 2139 contempto
547 2087 577 2122 se
591 2069 716 2122 habitum
731 2071 864 2137 fremens,
885 2090 928 2126 re-

125 2153 217 2213 petere
229 2149 350 2215 Capreas
361 2163 472 2215 quoquo
485 2145 567 2198 modo
581 2145 742 2212 destinavit,
756 2163 813 2198 non
822 2153 928 2201 temere

125 2222 272 2289 quicquam
286 2224 343 2274 uisi
357 2237 390 2274 ex
404 2228 465 2274 tuto
483 2236 609 2272 ausums.
649 2221 704 2274 Sed
719 2227 746 2273 et
755 2224 927 2289 tempestati·

124 2297 176 2348 bus
187 2303 214 2348 et
224 2297 430 2363 ingravescente
444 2297 473 2348 vi
486 2296 578 2348 morbi
592 2303 728 2362 retentus,
748 2297 844 2366 paullo
860 2306 929 2366 post

124 2373 234 2424 obiitin
244 2372 312 2424 villa
322 2371 490 2437 Lucullana,
512 2379 610 2424 octavo
625 2377 654 2426 et
664 2373 867 2442 septuagesimo
880 2389 926 2427 ae-

122 2450 189 2499 tatis
201 2449 370 2513 ann0,tertio
382 2453 410 2500 et
419 2449 549 2500 vicesimo
561 2449 679 2516 imperii,
685 2449 802 2516 septimo
814 2448 924 2502 decimo

122 2521 263 2576 Kalendas
273 2524 389 2592 Aprilis,
406 2523 455 2575 Cn.
466 2523 616 2576 Acerronio
628 2521 765 2588 Proculo,
777 2523 807 2575 G.
819 2521 924 2578 Pontio

122 2597 239 2665 Nigrino
253 2600 421 2653 consulibus.
462 2597 531 2651 Sunt
542 2600 590 2668 qui
600 2603 706 2667 putent,
723 2614 857 2652 venenum
867 2601 925 2652 eia

124 2672 192 2724 Gaio
205 2674 298 2726 datum
309 2675 413 2728 lentum
430 2680 512 2745 atque
526 2675 681 2728 tabificum:
702 2673 764 2739 alii,
779 2675 809 2726 in
823 2675 923 2728 remis-

122 2746 200 2799 sione
219 2748 351 2803 fortuitae
370 2751 456 2804 febris
476 2751 567 2806 cibum
587 2749 757 2804 desideranti
774 2757 922 2822 negatum:
