2026 3020
124 219 158 274 to
400 222 426 270 c.
451 217 642 272 suurourt

123 345 270 414 Ancharia,
282 354 310 401 et
320 349 436 402 Octavia
446 349 564 411 minore,
575 347 641 398 item
651 346 773 412 Augusto
779 383 787 411 ‚
804 361 876 414 quos
887 358 921 401 ex

124 423 188 474 Atia
198 424 309 476 tulerat.
347 423 411 474 Atia
420 423 459 473 M.
470 423 534 473 Atio
545 421 634 472 Balbo
647 427 674 473 et
683 421 767 485 lulia,
779 436 877 473 sorore
889 422 922 474 G.

125 499 266 564 Caesaris,
287 498 380 566 genita
390 504 441 549 est.
479 497 596 560 Balbus,
611 501 727 564 paterna
736 497 821 562 stirpe
831 497 922 547 Arici-

123 590 184 636 nus,
195 573 289 624 ntnltis
299 574 328 622 in
338 572 447 624 familia
457 572 604 624 senatoriis
614 571 791 638 imaginibus,
803 586 821 620 a
831 578 922 622 matre

122 647 254 714 Magnum
274 646 435 714 Pompeium
460 646 599 698 artissimo
620 646 797 714 contingebat
815 646 921 713 gradus

122 721 285 788 iunctusque
296 719 401 774 honore
411 727 556 788 praeturae
565 720 920 788 intervigintivirosagnrm

124 796 292 862 Campanum
313 796 388 862 plebi
407 795 479 846 lulia
498 796 558 863 lege
579 795 682 846 divisit.
719 793 823 846 Verum
843 796 920 848 idem

121 869 270 934 Antonius,
286 871 440 938 despiciens
451 871 533 922 etiam
544 876 695 922 maternam
704 869 821 938 Augusti
832 871 920 938 origi-

121 961 192 1009 nem,
204 961 337 1012 proavum
349 947 408 998 eius
418 945 480 998 Afri
489 946 596 1013 generis
607 944 705 1009 scrisse,
726 951 754 996 ct
768 945 851 997 niodo
867 962 919 996 uu·

121 1021 292 1088 guentariam
302 1022 457 1086 tabernam,
473 1020 555 1072 modo
566 1020 711 1087 pistrinum
721 1020 829 1072 Ariciae
840 1036 920 1072 exer-

122 1097 211 1148 cuisse
227 1097 332 1148 obiicit.
373 1097 485 1147 Cassius
501 1095 610 1162 quidem
625 1093 780 1146 Parmensis
795 1095 918 1164 quadam

121 1171 252 1236 epistola,
273 1186 329 1221 non
338 1175 444 1222 tantum
453 1176 486 1221 ut
495 1170 621 1236 pistoris,
642 1169 690 1220 sed
705 1170 787 1220 etiam
797 1176 829 1220 ut
837 1185 918 1220 unne-

120 1245 232 1296 nurlnrii
244 1251 371 1311 nepotem
390 1245 431 1294 sic
450 1249 529 1294 taxat
542 1245 705 1311 Augrrstum:
726 1240 851 1296 Materne
867 1245 920 1296 tibi
1004 1283 1005 1298 ³

113 1319 212 1389 serina
233 1336 264 1370 ex
284 1319 437 1370 erudissimo
452 1317 560 1370 Ariciae
576 1317 705 1386 pistrino.-
728 1317 797 1371 tanc
811 1319 916 1388 pinarii
950 1318 953 1324 ’

120 1392 239 1444 inanibus
250 1393 346 1462 collybo
358 1392 513 1445 decoloratis
524 1391 709 1444 Nerulonensis
719 1394 874 1445 mensarios.

175 1463 209 1519 V.
230 1467 319 1519 Natus
339 1473 382 1520 cst
399 1468 537 1534 Augustus
557 1467 596 1518 M.
618 1468 712 1519 'l'ullio
733 1468 867 1521 Cicerone
889 1475 917 1522 et

119 1543 239 1596 Antonio
252 1543 422 1606 consulibus,
437 1543 485 1592 lx.
505 1541 645 1593 Kalendas
656 1542 802 1608 Octobres,
817 1545 914 1611 paullo

121 1625 183 1669 ante
194 1619 261 1670 solis
273 1624 407 1681 exortum,
419 1617 533 1684 regione
542 1614 658 1680 Palatii,
670 1617 706 1668 ad
717 1617 817 1686 Capita
828 1620 915 1670 bubu-

119 1693 160 1742 la:
180 1693 229 1742 nbi
238 1707 310 1744 nime
320 1692 471 1744 sacrarium
482 1689 573 1755 habet,
585 1692 727 1759 aliquanto
738 1699 814 1760 post,
831 1709 915 1760 qnam

119 1768 248 1830 excessit,
270 1769 457 1818 coustitutum.
495 1765 566 1816 Nam
581 1773 730 1818 utsenatos
746 1768 815 1820 dctis
827 1770 915 1820 conti·

119 1849 210 1906 netur,
225 1858 308 1911 quum
320 1843 350 1894 C.
361 1843 522 1906 Laetorius,
542 1841 702 1893 adolescens
712 1843 824 1910 patricii
833 1858 914 1910 gene·

119 1917 171 1981 ris,
185 1918 215 1968 in
225 1917 397 1986 deprecanda
407 1918 535 1986 graviore
546 1916 676 1968 adulterii
685 1932 788 1984 poena,
803 1925 914 1986 praeter

120 1999 237 2045 aetatem
253 2000 335 2061 atque
347 1994 455 2046 natales
470 1991 523 2044 hoc
538 2007 646 2059 quoque
656 1993 781 2059 patribus
792 1993 913 2044 conscri-

120 2069 174 2134 ptis
186 2069 325 2135 allegaret,
337 2085 435 2121 essese
445 2081 633 2134 possessorem
644 2083 677 2118 ac
686 2067 761 2120 velut
771 2067 912 2118 aedituum

119 2142 186 2204 soli,
208 2142 282 2208 quod
296 2139 414 2209 primum
428 2142 464 2193 D.
479 2143 617 2208 Arrgustus
630 2157 745 2193 nascens
766 2143 911 2209 attigisset,

120 2221 276 2284 peteretque
295 2217 395 2268 donari
414 2217 494 2284 quasi
513 2217 625 2284 proprio
646 2233 697 2269 suo
721 2231 754 2268 ac
778 2217 912 2284 peculiari

120 2291 186 2341 deo:
208 2289 346 2343 decretum
355 2296 408 2355 est,
423 2297 454 2342 ut
464 2307 497 2342 ea
506 2307 571 2360 pars
583 2291 680 2343 domus
695 2299 910 2344 consecraretur.

174 2360 222 2416 Vl.
242 2364 475 2417 Nutrimentorur'n
491 2367 550 2418 eius
567 2367 719 2418 ostenditur
733 2364 823 2418 adhuc
833 2368 910 2418 locus

117 2435 147 2491 iu
168 2441 243 2492 avito
264 2441 422 2494 suburbano
441 2443 519 2498 iuxta
535 2441 668 2505 Velitras,
690 2442 865 2509 permodicus
885 2448 910 2492 et
993 2445 994 2448 ’

120 2515 206 2566 cellae
216 2516 365 2583 penuariae
374 2517 475 2580 instar;
489 2522 616 2584 tenetque
626 2517 795 2568 vicinitatem
806 2517 908 2583 opinio,

119 2597 250 2657 tauquam
261 2597 289 2643 et
298 2597 379 2643 natus
389 2589 430 2644 ibi
444 2592 489 2644 sit.
528 2591 591 2642 Huc
604 2591 732 2656 introire,
752 2590 808 2642 nisi
820 2607 909 2644 neces·

53 2698 57 2704 .
119 2665 194 2718 sorio
205 2672 234 2716 et
244 2673 326 2732 caste,
337 2667 436 2735 religio
449 2673 502 2732 est,
525 2673 657 2736 concepta
672 2667 802 2734 opinione
816 2667 909 2731 veteri,

119 2740 200 2808 quasi
209 2746 310 2794 temere
324 2743 486 2796 adeuntibus
497 2741 597 2796 horror
607 2742 719 2812 quidam
729 2749 756 2794 et
765 2748 854 2798 nictus
865 2743 909 2798 ob·
