<?xml version="1.0" encoding="UTF-8"?>
<!DOCTYPE html PUBLIC "-//W3C//DTD XHTML 1.0 Transitional//EN"
    "http://www.w3.org/TR/xhtml1/DTD/xhtml1-transitional.dtd">
<html xmlns="http://www.w3.org/1999/xhtml" xml:lang="en" lang="en">
 <head>
  <title>
</title>
<meta http-equiv="Content-Type" content="text/html;charset=utf-8" />
  <meta name='ocr-system' content='tesseract 3.04.00' />
  <meta name='ocr-capabilities' content='ocr_page ocr_carea ocr_par ocr_line ocrx_word'/>
</head>
<body>
  <div class='ocr_page' id='page_1' title='image "./csuetoniitranqu05suetgoog_0109.png"; bbox 0 0 2050 3034; ppageno 0'>
   <div class='ocr_carea' id='block_1_1' title="bbox 228 214 929 266">
    <p class='ocr_par' dir='ltr' id='par_1_1' title="bbox 228 214 929 266">
     <span class='ocr_line' id='line_1_1' title="bbox 228 214 929 266; baseline 0.009 -8"><span class='ocrx_word' id='word_1_1' title='bbox 228 243 230 246; x_wconf 94' lang='lat'>-</span> <span class='ocrx_word' id='word_1_2' title='bbox 273 214 530 260; x_wconf 59' lang='lat' dir='ltr'><strong>OCTAVIANU&amp;</strong></span> <span class='ocrx_word' id='word_1_3' title='bbox 568 215 780 261; x_wconf 70' lang='lat' dir='ltr'><strong>cAP.ro-8a</strong></span> <span class='ocrx_word' id='word_1_4' title='bbox 895 214 929 266; x_wconf 86' lang='grc'><strong>97</strong></span> 
     </span>
    </p>
   </div>
   <div class='ocr_carea' id='block_1_2' title="bbox 73 335 928 2709">
    <p class='ocr_par' dir='ltr' id='par_1_2' title="bbox 121 335 928 474">
     <span class='ocr_line' id='line_1_2' title="bbox 123 335 928 406; baseline 0.006 -19"><span class='ocrx_word' id='word_1_5' title='bbox 123 341 152 388; x_wconf 90' lang='lat' dir='ltr'><strong>et</strong></span> <span class='ocrx_word' id='word_1_6' title='bbox 162 335 197 387; x_wconf 89' lang='lat' dir='ltr'><strong>de</strong></span> <span class='ocrx_word' id='word_1_7' title='bbox 207 335 316 399; x_wconf 85' lang='lat' dir='ltr'><strong>vesica,</strong></span> <span class='ocrx_word' id='word_1_8' title='bbox 337 336 414 386; x_wconf 91' lang='lat' dir='ltr'><strong>cuius</strong></span> <span class='ocrx_word' id='word_1_9' title='bbox 425 335 537 400; x_wconf 89' lang='lat' dir='ltr'><strong>dolore,</strong></span> <span class='ocrx_word' id='word_1_10' title='bbox 560 335 675 387; x_wconf 90' lang='lat' dir='ltr'><strong>calculis</strong></span> <span class='ocrx_word' id='word_1_11' title='bbox 691 337 799 390; x_wconf 87' lang='lat' dir='ltr'><strong>demum</strong></span> <span class='ocrx_word' id='word_1_12' title='bbox 814 339 928 406; x_wconf 89' lang='lat' dir='ltr'><strong>peruri·</strong></span> 
     </span>
     <span class='ocr_line' id='line_1_3' title="bbox 121 410 470 474; baseline -0.006 -10"><span class='ocrx_word' id='word_1_13' title='bbox 121 424 189 464; x_wconf 88' lang='lat' dir='ltr'><strong>nam</strong></span> <span class='ocrx_word' id='word_1_14' title='bbox 200 410 306 474; x_wconf 88' lang='lat' dir='ltr'><strong>eiectis,</strong></span> <span class='ocrx_word' id='word_1_15' title='bbox 319 410 470 462; x_wconf 88' lang='lat' dir='ltr'><strong>levabatur.</strong></span> 
     </span>
    </p>

    <p class='ocr_par' dir='ltr' id='par_1_3' title="bbox 120 483 928 1374">
     <span class='ocr_line' id='line_1_4' title="bbox 182 483 928 554; baseline 0.007 -20"><span class='ocrx_word' id='word_1_16' title='bbox 182 483 311 536; x_wconf 86' lang='lat' dir='ltr'><strong>LXXXI.</strong></span> <span class='ocrx_word' id='word_1_17' title='bbox 333 483 437 536; x_wconf 80' lang='lat' dir='ltr'><strong>Graves</strong></span> <span class='ocrx_word' id='word_1_18' title='bbox 453 491 482 538; x_wconf 88' lang='lat' dir='ltr'><strong>et</strong></span> <span class='ocrx_word' id='word_1_19' title='bbox 495 483 668 554; x_wconf 87' lang='lat' dir='ltr'><strong>periculosas</strong></span> <span class='ocrx_word' id='word_1_20' title='bbox 687 484 860 538; x_wconf 83' lang='lat' dir='ltr'><strong>valetudines</strong></span> <span class='ocrx_word' id='word_1_21' title='bbox 878 503 928 554; x_wconf 89' lang='lat' dir='ltr'><strong>per</strong></span> 
     </span>
     <span class='ocr_line' id='line_1_5' title="bbox 122 559 925 637; baseline 0.001 -26"><span class='ocrx_word' id='word_1_22' title='bbox 122 573 235 611; x_wconf 88' lang='lat' dir='ltr'><strong>omnem</strong></span> <span class='ocrx_word' id='word_1_23' title='bbox 249 559 335 610; x_wconf 84' lang='lat' dir='ltr'><strong>vitam</strong></span> <span class='ocrx_word' id='word_1_24' title='bbox 350 559 459 628; x_wconf 85' lang='lat' dir='ltr'><strong>aliquot</strong></span> <span class='ocrx_word' id='word_1_25' title='bbox 472 566 601 628; x_wconf 86' lang='lat' dir='ltr'><strong>expertus</strong></span> <span class='ocrx_word' id='word_1_26' title='bbox 616 566 671 622; x_wconf 90' lang='lat' dir='ltr'><strong>est;</strong></span> <span class='ocrx_word' id='word_1_27' title='bbox 690 561 840 629; x_wconf 82' lang='lat' dir='ltr'>praecipue</span> <span class='ocrx_word' id='word_1_28' title='bbox 856 562 925 637; x_wconf 78' lang='lat' dir='ltr'><strong>Cap·</strong></span> 
     </span>
     <span class='ocr_line' id='line_1_6' title="bbox 121 633 924 704; baseline 0.005 -20"><span class='ocrx_word' id='word_1_29' title='bbox 121 633 218 688; x_wconf 86' lang='lat' dir='ltr'><strong>tabria</strong></span> <span class='ocrx_word' id='word_1_30' title='bbox 229 633 344 698; x_wconf 88' lang='lat' dir='ltr'><strong>domita,</strong></span> <span class='ocrx_word' id='word_1_31' title='bbox 355 649 439 704; x_wconf 88' lang='lat' dir='ltr'><strong>quum</strong></span> <span class='ocrx_word' id='word_1_32' title='bbox 450 636 545 699; x_wconf 89' lang='lat' dir='ltr'><strong>etiam,</strong></span> <span class='ocrx_word' id='word_1_33' title='bbox 558 634 789 687; x_wconf 73' lang='lat' dir='ltr'><strong>distillationibus</strong></span> <span class='ocrx_word' id='word_1_34' title='bbox 799 635 924 689; x_wconf 89' lang='lat' dir='ltr'><strong>iocinore</strong></span> 
     </span>
     <span class='ocr_line' id='line_1_7' title="bbox 121 707 924 777; baseline 0.006 -19"><span class='ocrx_word' id='word_1_35' title='bbox 121 707 237 771; x_wconf 81' lang='lat' dir='ltr'><strong>vitiato,</strong></span> <span class='ocrx_word' id='word_1_36' title='bbox 260 708 297 762; x_wconf 91' lang='lat' dir='ltr'><strong>ad</strong></span> <span class='ocrx_word' id='word_1_37' title='bbox 311 709 531 777; x_wconf 77' lang='lat' dir='ltr'><strong>desperationem</strong></span> <span class='ocrx_word' id='word_1_38' title='bbox 549 709 691 774; x_wconf 90' lang='lat' dir='ltr'><strong>redactus,</strong></span> <span class='ocrx_word' id='word_1_39' title='bbox 715 711 881 762; x_wconf 89' lang='lat' dir='ltr'><strong>contrariam</strong></span> <span class='ocrx_word' id='word_1_40' title='bbox 897 719 924 763; x_wconf 86' lang='lat' dir='ltr'><strong>et</strong></span> 
     </span>
     <span class='ocr_line' id='line_1_8' title="bbox 122 782 924 854; baseline 0.005 -22"><span class='ocrx_word' id='word_1_41' title='bbox 122 782 274 850; x_wconf 83' lang='lat' dir='ltr'><strong>ancipitem</strong></span> <span class='ocrx_word' id='word_1_42' title='bbox 283 784 421 835; x_wconf 89' lang='lat' dir='ltr'><strong>rationem</strong></span> <span class='ocrx_word' id='word_1_43' title='bbox 431 784 559 836; x_wconf 90' lang='lat' dir='ltr'><strong>medendi</strong></span> <span class='ocrx_word' id='word_1_44' title='bbox 568 785 725 836; x_wconf 90' lang='lat' dir='ltr'><strong>necessario</strong></span> <span class='ocrx_word' id='word_1_45' title='bbox 737 786 835 850; x_wconf 87' lang='lat' dir='ltr'><strong>subiit,</strong></span> <span class='ocrx_word' id='word_1_46' title='bbox 857 787 924 854; x_wconf 91' lang='lat' dir='ltr'><strong>quia</strong></span> 
     </span>
     <span class='ocr_line' id='line_1_9' title="bbox 122 856 924 926; baseline 0.006 -18"><span class='ocrx_word' id='word_1_47' title='bbox 122 856 218 908; x_wconf 88' lang='lat' dir='ltr'><strong>calida</strong></span> <span class='ocrx_word' id='word_1_48' title='bbox 231 856 355 910; x_wconf 90' lang='lat' dir='ltr'><strong>fomenta</strong></span> <span class='ocrx_word' id='word_1_49' title='bbox 369 873 430 912; x_wconf 90' lang='lat' dir='ltr'><strong>non.</strong></span> <span class='ocrx_word' id='word_1_50' title='bbox 443 859 606 926; x_wconf 89' lang='lat' dir='ltr'><strong>proderant,</strong></span> <span class='ocrx_word' id='word_1_51' title='bbox 625 858 736 926; x_wconf 87' lang='lat' dir='ltr'><strong>frigidis</strong></span> <span class='ocrx_word' id='word_1_52' title='bbox 753 861 842 911; x_wconf 85' lang='lat' dir='ltr'><strong>curari</strong></span> <span class='ocrx_word' id='word_1_53' title='bbox 860 876 924 913; x_wconf 86' lang='lat' dir='ltr'><strong>coa·</strong></span> 
     </span>
     <span class='ocr_line' id='line_1_10' title="bbox 122 932 922 994; baseline 0.006 -12"><span class='ocrx_word' id='word_1_54' title='bbox 122 937 197 994; x_wconf 89' lang='lat' dir='ltr'><strong>ctus,</strong></span> <span class='ocrx_word' id='word_1_55' title='bbox 215 938 328 984; x_wconf 85' lang='lat' dir='ltr'><strong>auctore</strong></span> <span class='ocrx_word' id='word_1_56' title='bbox 338 932 457 984; x_wconf 78' lang='lat' dir='ltr'><strong>Antonio</strong></span> <span class='ocrx_word' id='word_1_57' title='bbox 468 932 560 984; x_wconf 89' lang='lat' dir='ltr'><strong>Musa.</strong></span> <span class='ocrx_word' id='word_1_58' title='bbox 601 932 741 993; x_wconf 79' lang='lat' dir='ltr'><strong>Quasdam</strong></span> <span class='ocrx_word' id='word_1_59' title='bbox 757 941 784 985; x_wconf 83' lang='lat' dir='ltr'><strong>et</strong></span> <span class='ocrx_word' id='word_1_60' title='bbox 799 935 922 988; x_wconf 87' lang='lat' dir='ltr'><strong>anniver-</strong></span> 
     </span>
     <span class='ocr_line' id='line_1_11' title="bbox 121 1005 924 1076; baseline 0.001 -18"><span class='ocrx_word' id='word_1_61' title='bbox 121 1005 214 1058; x_wconf 86' lang='lat' dir='ltr'><strong>sarias</strong></span> <span class='ocrx_word' id='word_1_62' title='bbox 235 1020 268 1057; x_wconf 93' lang='lat' dir='ltr'><strong>ac</strong></span> <span class='ocrx_word' id='word_1_63' title='bbox 286 1012 409 1076; x_wconf 88' lang='lat' dir='ltr'><strong>tempore</strong></span> <span class='ocrx_word' id='word_1_64' title='bbox 430 1013 506 1059; x_wconf 88' lang='lat' dir='ltr'><strong>certo</strong></span> <span class='ocrx_word' id='word_1_65' title='bbox 530 1012 701 1058; x_wconf 80' lang='lat' dir='ltr'><strong>recurrentes</strong></span> <span class='ocrx_word' id='word_1_66' title='bbox 722 1009 924 1073; x_wconf 85' lang='lat' dir='ltr'><strong>experiebatur.</strong></span> 
     </span>
     <span class='ocr_line' id='line_1_12' title="bbox 121 1079 924 1150; baseline 0.001 -18"><span class='ocrx_word' id='word_1_67' title='bbox 121 1079 147 1132; x_wconf 92' lang='lat' dir='ltr'><strong>N</strong></span> <span class='ocrx_word' id='word_1_68' title='bbox 149 1095 195 1130; x_wconf 88' lang='lat' dir='ltr'><strong>am</strong></span> <span class='ocrx_word' id='word_1_69' title='bbox 206 1080 258 1132; x_wconf 87' lang='lat' dir='ltr'><strong>sub</strong></span> <span class='ocrx_word' id='word_1_70' title='bbox 268 1080 386 1133; x_wconf 90' lang='lat' dir='ltr'><strong>natalem</strong></span> <span class='ocrx_word' id='word_1_71' title='bbox 398 1097 477 1134; x_wconf 87' lang='lat' dir='ltr'><strong>suum</strong></span> <span class='ocrx_word' id='word_1_72' title='bbox 487 1081 647 1150; x_wconf 89' lang='lat' dir='ltr'><strong>plerumque</strong></span> <span class='ocrx_word' id='word_1_73' title='bbox 658 1081 820 1148; x_wconf 86' lang='lat' dir='ltr'><strong>languebat;</strong></span> <span class='ocrx_word' id='word_1_74' title='bbox 835 1087 863 1132; x_wconf 89' lang='lat' dir='ltr'><strong>et</strong></span> <span class='ocrx_word' id='word_1_75' title='bbox 872 1084 924 1133; x_wconf 92' lang='lat' dir='ltr'><strong>ini·</strong></span> 
     </span>
     <span class='ocr_line' id='line_1_13' title="bbox 120 1155 923 1225; baseline 0.004 -20"><span class='ocrx_word' id='word_1_76' title='bbox 120 1155 163 1206; x_wconf 89' lang='lat' dir='ltr'><strong>tio</strong></span> <span class='ocrx_word' id='word_1_77' title='bbox 175 1155 249 1206; x_wconf 91' lang='lat' dir='ltr'><strong>veris</strong></span> <span class='ocrx_word' id='word_1_78' title='bbox 258 1157 484 1225; x_wconf 86' lang='lat' dir='ltr'><strong>praecordiorum</strong></span> <span class='ocrx_word' id='word_1_79' title='bbox 495 1155 639 1208; x_wconf 88' lang='lat' dir='ltr'><strong>inflatione</strong></span> <span class='ocrx_word' id='word_1_80' title='bbox 649 1157 817 1219; x_wconf 88' lang='lat' dir='ltr'><strong>tentabatur,</strong></span> <span class='ocrx_word' id='word_1_81' title='bbox 825 1157 923 1208; x_wconf 86' lang='lat' dir='ltr'><strong>nustri-</strong></span> 
     </span>
     <span class='ocr_line' id='line_1_14' title="bbox 120 1230 922 1299; baseline 0.002 -19"><span class='ocrx_word' id='word_1_82' title='bbox 120 1231 167 1280; x_wconf 88' lang='lat' dir='ltr'><strong>nis</strong></span> <span class='ocrx_word' id='word_1_83' title='bbox 178 1235 269 1281; x_wconf 89' lang='lat' dir='ltr'><strong>autem</strong></span> <span class='ocrx_word' id='word_1_84' title='bbox 279 1233 487 1298; x_wconf 87' lang='lat' dir='ltr'><strong>tempestatibus</strong></span> <span class='ocrx_word' id='word_1_85' title='bbox 498 1231 655 1298; x_wconf 84' lang='lat' dir='ltr'><strong>gravedine.</strong></span> <span class='ocrx_word' id='word_1_86' title='bbox 687 1230 779 1291; x_wconf 79' lang='lat' dir='ltr'><strong>Quare</strong></span> <span class='ocrx_word' id='word_1_87' title='bbox 790 1238 922 1299; x_wconf 90' lang='lat' dir='ltr'><strong>quassato</strong></span> 
     </span>
     <span class='ocr_line' id='line_1_15' title="bbox 121 1305 922 1374; baseline 0.005 -20"><span class='ocrx_word' id='word_1_88' title='bbox 121 1317 340 1374; x_wconf 79' lang='lat' dir='ltr'><strong>corporeaeque</strong></span> <span class='ocrx_word' id='word_1_89' title='bbox 354 1305 460 1374; x_wconf 85' lang='lat' dir='ltr'><strong>frigora</strong></span> <span class='ocrx_word' id='word_1_90' title='bbox 474 1323 563 1374; x_wconf 90' lang='lat' dir='ltr'><strong>neque</strong></span> <span class='ocrx_word' id='word_1_91' title='bbox 578 1311 670 1357; x_wconf 88' lang='lat' dir='ltr'><strong>aestus</strong></span> <span class='ocrx_word' id='word_1_92' title='bbox 680 1305 763 1358; x_wconf 90' lang='lat' dir='ltr'><strong>facile</strong></span> <span class='ocrx_word' id='word_1_93' title='bbox 773 1305 922 1358; x_wconf 87' lang='lat' dir='ltr'><strong>tolerabat.</strong></span> 
     </span>
    </p>

    <p class='ocr_par' dir='ltr' id='par_1_4' title="bbox 73 1377 923 2639">
     <span class='ocr_line' id='line_1_16' title="bbox 179 1377 922 1449; baseline 0.004 -20"><span class='ocrx_word' id='word_1_94' title='bbox 179 1377 319 1430; x_wconf 84' lang='lat' dir='ltr'><strong>Lxxxu.</strong></span> <span class='ocrx_word' id='word_1_95' title='bbox 334 1381 432 1431; x_wconf 89' lang='lat' dir='ltr'><strong>Hieme</strong></span> <span class='ocrx_word' id='word_1_96' title='bbox 443 1383 584 1449; x_wconf 87' lang='lat' dir='ltr'><strong>quaternis</strong></span> <span class='ocrx_word' id='word_1_97' title='bbox 596 1396 656 1432; x_wconf 89' lang='lat' dir='ltr'><strong>cum</strong></span> <span class='ocrx_word' id='word_1_98' title='bbox 666 1381 764 1449; x_wconf 86' lang='lat' dir='ltr'><strong>pingui</strong></span> <span class='ocrx_word' id='word_1_99' title='bbox 773 1386 840 1448; x_wconf 82' lang='lat' dir='ltr'><strong>toga</strong></span> <span class='ocrx_word' id='word_1_100' title='bbox 850 1382 922 1432; x_wconf 89' lang='lat' dir='ltr'><strong>tuni-</strong></span> 
     </span>
     <span class='ocr_line' id='line_1_17' title="bbox 121 1453 923 1521; baseline 0.005 -17"><span class='ocrx_word' id='word_1_101' title='bbox 121 1455 174 1515; x_wconf 89' lang='lat' dir='ltr'><strong>cis,</strong></span> <span class='ocrx_word' id='word_1_102' title='bbox 185 1459 213 1504; x_wconf 88' lang='lat' dir='ltr'><strong>et</strong></span> <span class='ocrx_word' id='word_1_103' title='bbox 222 1453 272 1506; x_wconf 87' lang='lat' dir='ltr'><strong>sub</strong></span> <span class='ocrx_word' id='word_1_104' title='bbox 283 1455 423 1521; x_wconf 74' lang='lat' dir='ltr'><strong>subucula</strong></span> <span class='ocrx_word' id='word_1_105' title='bbox 430 1453 545 1508; x_wconf 89' lang='lat' dir='ltr'><strong>thorace</strong></span> <span class='ocrx_word' id='word_1_106' title='bbox 559 1455 653 1519; x_wconf 88' lang='lat' dir='ltr'><strong>laneo,</strong></span> <span class='ocrx_word' id='word_1_107' title='bbox 670 1462 698 1506; x_wconf 90' lang='lat' dir='ltr'><strong>et</strong></span> <span class='ocrx_word' id='word_1_108' title='bbox 706 1455 883 1507; x_wconf 88' lang='lat' dir='ltr'><strong>feminalibus</strong></span> <span class='ocrx_word' id='word_1_109' title='bbox 896 1463 923 1508; x_wconf 89' lang='lat' dir='ltr'><strong>et</strong></span> 
     </span>
     <span class='ocr_line' id='line_1_18' title="bbox 73 1527 921 1597; baseline 0.004 -19"><span class='ocrx_word' id='word_1_110' title='bbox 73 1535 77 1542; x_wconf 92' lang='lat'>&#39;</span> <span class='ocrx_word' id='word_1_111' title='bbox 120 1527 267 1579; x_wconf 83' lang='lat' dir='ltr'><strong>tibialibus</strong></span> <span class='ocrx_word' id='word_1_112' title='bbox 279 1529 466 1593; x_wconf 79' lang='lat' dir='ltr'><strong>muniebatur3</strong></span> <span class='ocrx_word' id='word_1_113' title='bbox 488 1537 593 1582; x_wconf 86' lang='lat' dir='ltr'><strong>aestate</strong></span> <span class='ocrx_word' id='word_1_114' title='bbox 609 1531 711 1597; x_wconf 89' lang='lat' dir='ltr'><strong>apertis</strong></span> <span class='ocrx_word' id='word_1_115' title='bbox 724 1531 844 1581; x_wconf 83' lang='lat' dir='ltr'><strong>cubiculi</strong></span> <span class='ocrx_word' id='word_1_116' title='bbox 854 1530 921 1581; x_wconf 89' lang='lat' dir='ltr'><strong>fori-</strong></span> 
     </span>
     <span class='ocr_line' id='line_1_19' title="bbox 120 1603 921 1673; baseline 0.001 -20"><span class='ocrx_word' id='word_1_117' title='bbox 120 1603 185 1666; x_wconf 91' lang='lat' dir='ltr'><strong>bus,</strong></span> <span class='ocrx_word' id='word_1_118' title='bbox 192 1617 225 1654; x_wconf 88' lang='lat' dir='ltr'><strong>ac</strong></span> <span class='ocrx_word' id='word_1_119' title='bbox 234 1617 316 1671; x_wconf 86' lang='lat' dir='ltr'><strong>saepe</strong></span> <span class='ocrx_word' id='word_1_120' title='bbox 326 1605 356 1654; x_wconf 91' lang='lat' dir='ltr'><strong>in</strong></span> <span class='ocrx_word' id='word_1_121' title='bbox 366 1605 511 1672; x_wconf 88' lang='lat' dir='ltr'><strong>peristylio</strong></span> <span class='ocrx_word' id='word_1_122' title='bbox 524 1605 640 1656; x_wconf 86' lang='lat' dir='ltr'><strong>saliente</strong></span> <span class='ocrx_word' id='word_1_123' title='bbox 651 1619 733 1673; x_wconf 86' lang='lat' dir='ltr'><strong>aqua,</strong></span> <span class='ocrx_word' id='word_1_124' title='bbox 744 1610 827 1672; x_wconf 89' lang='lat' dir='ltr'><strong>atque</strong></span> <span class='ocrx_word' id='word_1_125' title='bbox 836 1605 921 1655; x_wconf 87' lang='lat' dir='ltr'><strong>etiam</strong></span> 
     </span>
     <span class='ocr_line' id='line_1_20' title="bbox 118 1677 921 1746; baseline 0.006 -19"><span class='ocrx_word' id='word_1_126' title='bbox 118 1677 273 1729; x_wconf 89' lang='lat' dir='ltr'><strong>ventilante</strong></span> <span class='ocrx_word' id='word_1_127' title='bbox 284 1678 388 1746; x_wconf 86' lang='lat' dir='ltr'><strong>aliquo,</strong></span> <span class='ocrx_word' id='word_1_128' title='bbox 396 1679 523 1731; x_wconf 86' lang='lat' dir='ltr'><strong>cubabat.</strong></span> <span class='ocrx_word' id='word_1_129' title='bbox 535 1679 610 1731; x_wconf 86' lang='lat' dir='ltr'><strong>Solis</strong></span> <span class='ocrx_word' id='word_1_130' title='bbox 620 1695 685 1731; x_wconf 90' lang='lat' dir='ltr'><strong>vero</strong></span> <span class='ocrx_word' id='word_1_131' title='bbox 696 1695 731 1731; x_wconf 91' lang='lat' dir='ltr'><strong>ne</strong></span> <span class='ocrx_word' id='word_1_132' title='bbox 741 1677 850 1730; x_wconf 89' lang='lat' dir='ltr'><strong>hiberni</strong></span> <span class='ocrx_word' id='word_1_133' title='bbox 862 1679 921 1746; x_wconf 86' lang='lat' dir='ltr'><strong>qul-</strong></span> 
     </span>
     <span class='ocr_line' id='line_1_21' title="bbox 121 1751 919 1823; baseline 0.004 -21"><span class='ocrx_word' id='word_1_134' title='bbox 121 1751 185 1803; x_wconf 90' lang='lat' dir='ltr'><strong>dem</strong></span> <span class='ocrx_word' id='word_1_135' title='bbox 196 1753 315 1820; x_wconf 91' lang='lat' dir='ltr'><strong>patiens,</strong></span> <span class='ocrx_word' id='word_1_136' title='bbox 328 1753 404 1805; x_wconf 87' lang='lat' dir='ltr'><strong>domi</strong></span> <span class='ocrx_word' id='word_1_137' title='bbox 415 1769 525 1823; x_wconf 91' lang='lat' dir='ltr'><strong>quoque</strong></span> <span class='ocrx_word' id='word_1_138' title='bbox 535 1754 647 1806; x_wconf 87' lang='lat' dir='ltr'><strong>nonnisi</strong></span> <span class='ocrx_word' id='word_1_139' title='bbox 657 1757 799 1821; x_wconf 87' lang='lat' dir='ltr'><strong>petasatus</strong></span> <span class='ocrx_word' id='word_1_140' title='bbox 810 1755 860 1806; x_wconf 89' lang='lat' dir='ltr'><strong>sub</strong></span> <span class='ocrx_word' id='word_1_141' title='bbox 873 1754 919 1805; x_wconf 90' lang='lat' dir='ltr'><strong>dio</strong></span> 
     </span>
     <span class='ocr_line' id='line_1_22' title="bbox 120 1826 922 1895; baseline 0.004 -20"><span class='ocrx_word' id='word_1_142' title='bbox 120 1826 306 1894; x_wconf 88' lang='lat' dir='ltr'><strong>spatiabatur.</strong></span> <span class='ocrx_word' id='word_1_143' title='bbox 343 1827 447 1880; x_wconf 85' lang='lat' dir='ltr'><strong>ltineru</strong></span> <span class='ocrx_word' id='word_1_144' title='bbox 456 1828 568 1891; x_wconf 84' lang='lat' dir='ltr'><strong>lectica,</strong></span> <span class='ocrx_word' id='word_1_145' title='bbox 580 1835 608 1878; x_wconf 90' lang='lat' dir='ltr'><strong>et</strong></span> <span class='ocrx_word' id='word_1_146' title='bbox 617 1828 745 1879; x_wconf 87' lang='lat' dir='ltr'><strong>noctibus</strong></span> <span class='ocrx_word' id='word_1_147' title='bbox 755 1827 822 1891; x_wconf 90' lang='lat' dir='ltr'><strong>fere,</strong></span> <span class='ocrx_word' id='word_1_148' title='bbox 834 1844 922 1895; x_wconf 91' lang='lat' dir='ltr'><strong>eaque</strong></span> 
     </span>
     <span class='ocr_line' id='line_1_23' title="bbox 118 1900 921 1966; baseline 0 -14"><span class='ocrx_word' id='word_1_149' title='bbox 118 1903 198 1952; x_wconf 90' lang='lat' dir='ltr'><strong>lenta</strong></span> <span class='ocrx_word' id='word_1_150' title='bbox 208 1916 241 1952; x_wconf 91' lang='lat' dir='ltr'><strong>ac</strong></span> <span class='ocrx_word' id='word_1_151' title='bbox 250 1903 356 1953; x_wconf 91' lang='lat' dir='ltr'><strong>minuta</strong></span> <span class='ocrx_word' id='word_1_152' title='bbox 366 1902 499 1966; x_wconf 87' lang='lat' dir='ltr'><strong>faciebat,</strong></span> <span class='ocrx_word' id='word_1_153' title='bbox 520 1909 552 1951; x_wconf 93' lang='lat' dir='ltr'><strong>ut</strong></span> <span class='ocrx_word' id='word_1_154' title='bbox 561 1900 709 1952; x_wconf 89' lang='lat' dir='ltr'><strong>Praeneste</strong></span> <span class='ocrx_word' id='word_1_155' title='bbox 722 1901 767 1952; x_wconf 84' lang='lat' dir='ltr'><strong>vel</strong></span> <span class='ocrx_word' id='word_1_156' title='bbox 777 1902 866 1952; x_wconf 90' lang='lat' dir='ltr'><strong>Tibur</strong></span> <span class='ocrx_word' id='word_1_157' title='bbox 880 1903 921 1952; x_wconf 87' lang='lat' dir='ltr'><strong>bi·</strong></span> 
     </span>
     <span class='ocr_line' id='line_1_24' title="bbox 119 1974 921 2044; baseline 0 -18"><span class='ocrx_word' id='word_1_158' title='bbox 119 1976 178 2027; x_wconf 91' lang='lat' dir='ltr'><strong>duo</strong></span> <span class='ocrx_word' id='word_1_159' title='bbox 193 1975 363 2044; x_wconf 87' lang='lat' dir='ltr'><strong>procederet.</strong></span> <span class='ocrx_word' id='word_1_160' title='bbox 401 1977 439 2028; x_wconf 86' lang='lat' dir='ltr'><strong>Ac</strong></span> <span class='ocrx_word' id='word_1_161' title='bbox 454 1978 479 2027; x_wconf 92' lang='lat' dir='ltr'><strong>si</strong></span> <span class='ocrx_word' id='word_1_162' title='bbox 493 1990 547 2043; x_wconf 92' lang='lat' dir='ltr'><strong>quo</strong></span> <span class='ocrx_word' id='word_1_163' title='bbox 567 1974 708 2043; x_wconf 89' lang='lat' dir='ltr'><strong>pervenire</strong></span> <span class='ocrx_word' id='word_1_164' title='bbox 727 1975 799 2024; x_wconf 91' lang='lat' dir='ltr'><strong>mari</strong></span> <span class='ocrx_word' id='word_1_165' title='bbox 816 1981 921 2042; x_wconf 87' lang='lat' dir='ltr'><strong>posset,</strong></span> 
     </span>
     <span class='ocr_line' id='line_1_25' title="bbox 119 2047 921 2119; baseline -0.001 -18"><span class='ocrx_word' id='word_1_166' title='bbox 119 2051 216 2119; x_wconf 88' lang='lat' dir='ltr'><strong>potius</strong></span> <span class='ocrx_word' id='word_1_167' title='bbox 226 2051 385 2118; x_wconf 84' lang='lat' dir='ltr'><strong>navigabat.</strong></span> <span class='ocrx_word' id='word_1_168' title='bbox 423 2051 527 2103; x_wconf 91' lang='lat' dir='ltr'><strong>Verum</strong></span> <span class='ocrx_word' id='word_1_169' title='bbox 541 2056 646 2100; x_wconf 88' lang='lat' dir='ltr'><strong>tantam</strong></span> <span class='ocrx_word' id='word_1_170' title='bbox 661 2047 848 2100; x_wconf 88' lang='lat' dir='ltr'><strong>infirmitatem</strong></span> <span class='ocrx_word' id='word_1_171' title='bbox 863 2063 921 2100; x_wconf 90' lang='lat' dir='ltr'><strong>ma·</strong></span> 
     </span>
     <span class='ocr_line' id='line_1_26' title="bbox 120 2123 921 2195; baseline 0.001 -19"><span class='ocrx_word' id='word_1_172' title='bbox 120 2139 177 2192; x_wconf 81' lang='lat' dir='ltr'><strong>gna</strong></span> <span class='ocrx_word' id='word_1_173' title='bbox 188 2140 255 2177; x_wconf 88' lang='lat' dir='ltr'><strong>cura</strong></span> <span class='ocrx_word' id='word_1_174' title='bbox 264 2125 405 2190; x_wconf 90' lang='lat' dir='ltr'><strong>tuebatur,</strong></span> <span class='ocrx_word' id='word_1_175' title='bbox 426 2127 455 2177; x_wconf 89' lang='lat' dir='ltr'><strong>in</strong></span> <span class='ocrx_word' id='word_1_176' title='bbox 469 2126 566 2195; x_wconf 87' lang='lat' dir='ltr'><strong>primis</strong></span> <span class='ocrx_word' id='word_1_177' title='bbox 580 2123 694 2174; x_wconf 89' lang='lat' dir='ltr'><strong>lavandi</strong></span> <span class='ocrx_word' id='word_1_178' title='bbox 703 2123 827 2176; x_wconf 85' lang='lat' dir='ltr'><strong>raritate.</strong></span> <span class='ocrx_word' id='word_1_179' title='bbox 866 2124 921 2177; x_wconf 89' lang='lat' dir='ltr'><strong>Un-</strong></span> 
     </span>
     <span class='ocr_line' id='line_1_27' title="bbox 120 2199 920 2268; baseline 0.003 -18"><span class='ocrx_word' id='word_1_180' title='bbox 120 2199 241 2266; x_wconf 87' lang='lat' dir='ltr'><strong>gebatur</strong></span> <span class='ocrx_word' id='word_1_181' title='bbox 251 2199 324 2252; x_wconf 89' lang='lat' dir='ltr'><strong>enim</strong></span> <span class='ocrx_word' id='word_1_182' title='bbox 334 2201 456 2268; x_wconf 88' lang='lat' dir='ltr'><strong>saepius,</strong></span> <span class='ocrx_word' id='word_1_183' title='bbox 469 2208 517 2252; x_wconf 90' lang='lat' dir='ltr'><strong>aut</strong></span> <span class='ocrx_word' id='word_1_184' title='bbox 526 2199 646 2252; x_wconf 86' lang='lat' dir='ltr'><strong>sudabat</strong></span> <span class='ocrx_word' id='word_1_185' title='bbox 657 2199 691 2250; x_wconf 91' lang='lat' dir='ltr'><strong>ad</strong></span> <span class='ocrx_word' id='word_1_186' title='bbox 702 2199 854 2264; x_wconf 81' lang='lat' dir='ltr'><strong>ssammam3</strong></span> <span class='ocrx_word' id='word_1_187' title='bbox 875 2201 920 2252; x_wconf 90' lang='lat' dir='ltr'><strong>de·</strong></span> 
     </span>
     <span class='ocr_line' id='line_1_28' title="bbox 119 2273 921 2344; baseline -0.002 -18"><span class='ocrx_word' id='word_1_188' title='bbox 119 2274 187 2326; x_wconf 89' lang='lat' dir='ltr'><strong>inde</strong></span> <span class='ocrx_word' id='word_1_189' title='bbox 197 2273 414 2340; x_wconf 87' lang='lat' dir='ltr'><strong>perfundebatur</strong></span> <span class='ocrx_word' id='word_1_190' title='bbox 424 2274 531 2344; x_wconf 81' lang='lat' dir='ltr'><strong>egelida</strong></span> <span class='ocrx_word' id='word_1_191' title='bbox 546 2289 630 2343; x_wconf 87' lang='lat' dir='ltr'><strong>aqua,</strong></span> <span class='ocrx_word' id='word_1_192' title='bbox 651 2273 695 2328; x_wconf 88' lang='lat' dir='ltr'><strong>vel</strong></span> <span class='ocrx_word' id='word_1_193' title='bbox 709 2275 768 2328; x_wconf 90' lang='lat' dir='ltr'><strong>sole</strong></span> <span class='ocrx_word' id='word_1_194' title='bbox 782 2276 870 2328; x_wconf 90' lang='lat' dir='ltr'><strong>multe</strong></span> <span class='ocrx_word' id='word_1_195' title='bbox 881 2281 921 2325; x_wconf 89' lang='lat' dir='ltr'><strong>te-</strong></span> 
     </span>
     <span class='ocr_line' id='line_1_29' title="bbox 121 2347 920 2417; baseline -0.004 -17"><span class='ocrx_word' id='word_1_196' title='bbox 121 2347 244 2416; x_wconf 88' lang='lat' dir='ltr'><strong>pefacta.</strong></span> <span class='ocrx_word' id='word_1_197' title='bbox 282 2349 317 2400; x_wconf 79' lang='lat' dir='ltr'><strong>nt</strong></span> <span class='ocrx_word' id='word_1_198' title='bbox 332 2350 441 2417; x_wconf 88' lang='lat' dir='ltr'><strong>quoties</strong></span> <span class='ocrx_word' id='word_1_199' title='bbox 455 2365 603 2402; x_wconf 84' lang='lat' dir='ltr'><strong>nervorum</strong></span> <span class='ocrx_word' id='word_1_200' title='bbox 618 2363 702 2401; x_wconf 87' lang='lat' dir='ltr'><strong>eausa</strong></span> <span class='ocrx_word' id='word_1_201' title='bbox 711 2351 827 2400; x_wconf 88' lang='lat' dir='ltr'><strong>marinis</strong></span> <span class='ocrx_word' id='word_1_202' title='bbox 837 2348 920 2400; x_wconf 80' lang='lat' dir='ltr'><strong>Albu-</strong></span> 
     </span>
     <span class='ocr_line' id='line_1_30' title="bbox 120 2421 921 2490; baseline -0.005 -16"><span class='ocrx_word' id='word_1_203' title='bbox 120 2424 213 2490; x_wconf 88' lang='lat' dir='ltr'><strong>lisque</strong></span> <span class='ocrx_word' id='word_1_204' title='bbox 224 2423 324 2474; x_wconf 87' lang='lat' dir='ltr'><strong>calidis</strong></span> <span class='ocrx_word' id='word_1_205' title='bbox 333 2425 463 2476; x_wconf 89' lang='lat' dir='ltr'><strong>utendum</strong></span> <span class='ocrx_word' id='word_1_206' title='bbox 474 2430 558 2488; x_wconf 87' lang='lat' dir='ltr'><strong>esset,</strong></span> <span class='ocrx_word' id='word_1_207' title='bbox 580 2429 723 2478; x_wconf 87' lang='lat' dir='ltr'><strong>contentus</strong></span> <span class='ocrx_word' id='word_1_208' title='bbox 733 2421 788 2474; x_wconf 88' lang='lat' dir='ltr'><strong>hoc</strong></span> <span class='ocrx_word' id='word_1_209' title='bbox 802 2427 874 2485; x_wconf 90' lang='lat' dir='ltr'><strong>erat,</strong></span> <span class='ocrx_word' id='word_1_210' title='bbox 890 2427 921 2471; x_wconf 90' lang='lat' dir='ltr'><strong>ut</strong></span> 
     </span>
     <span class='ocr_line' id='line_1_31' title="bbox 120 2495 921 2567; baseline -0.005 -17"><span class='ocrx_word' id='word_1_211' title='bbox 120 2498 249 2550; x_wconf 89' lang='lat' dir='ltr'><strong>insidens</strong></span> <span class='ocrx_word' id='word_1_212' title='bbox 258 2497 352 2566; x_wconf 74' lang='lat' dir='ltr'><strong>ligneo</strong></span> <span class='ocrx_word' id='word_1_213' title='bbox 364 2499 446 2562; x_wconf 89' lang='lat' dir='ltr'><strong>solio,</strong></span> <span class='ocrx_word' id='word_1_214' title='bbox 459 2499 533 2566; x_wconf 92' lang='lat' dir='ltr'><strong>quod</strong></span> <span class='ocrx_word' id='word_1_215' title='bbox 542 2499 602 2567; x_wconf 85' lang='lat' dir='ltr'><strong>ipse</strong></span> <span class='ocrx_word' id='word_1_216' title='bbox 612 2497 766 2564; x_wconf 88' lang='lat' dir='ltr'><strong>Hispanico</strong></span> <span class='ocrx_word' id='word_1_217' title='bbox 777 2497 862 2547; x_wconf 84' lang='lat' dir='ltr'><strong>verbo</strong></span> <span class='ocrx_word' id='word_1_218' title='bbox 874 2495 921 2545; x_wconf 82' lang='lat' dir='ltr'><strong>du·</strong></span> 
     </span>
     <span class='ocr_line' id='line_1_32' title="bbox 121 2569 854 2639; baseline -0.005 -16"><span class='ocrx_word' id='word_1_219' title='bbox 121 2581 209 2624; x_wconf 83' lang='lat' dir='ltr'><strong>retum</strong></span> <span class='ocrx_word' id='word_1_220' title='bbox 219 2573 349 2637; x_wconf 80' lang='lat' dir='ltr'><strong>vocabat,</strong></span> <span class='ocrx_word' id='word_1_221' title='bbox 360 2587 457 2624; x_wconf 89' lang='lat' dir='ltr'><strong>manus</strong></span> <span class='ocrx_word' id='word_1_222' title='bbox 467 2587 501 2623; x_wconf 90' lang='lat' dir='ltr'><strong>ac</strong></span> <span class='ocrx_word' id='word_1_223' title='bbox 511 2571 594 2639; x_wconf 92' lang='lat' dir='ltr'><strong>pedes</strong></span> <span class='ocrx_word' id='word_1_224' title='bbox 605 2570 718 2621; x_wconf 89' lang='lat' dir='ltr'><strong>alternis</strong></span> <span class='ocrx_word' id='word_1_225' title='bbox 728 2569 854 2620; x_wconf 90' lang='lat' dir='ltr'><strong>iactaret.</strong></span> 
     </span>
    </p>

    <p class='ocr_par' dir='ltr' id='par_1_5' title="bbox 179 2646 922 2709">
     <span class='ocr_line' id='line_1_33' title="bbox 179 2646 922 2709; baseline -0.004 -12"><span class='ocrx_word' id='word_1_226' title='bbox 179 2646 334 2698; x_wconf 85' lang='lat' dir='ltr'><strong>LXXXlll.</strong></span> <span class='ocrx_word' id='word_1_227' title='bbox 358 2647 578 2698; x_wconf 85' lang='lat' dir='ltr'><strong>Exercitationes</strong></span> <span class='ocrx_word' id='word_1_228' title='bbox 604 2647 769 2708; x_wconf 87' lang='lat' dir='ltr'><strong>campestres</strong></span> <span class='ocrx_word' id='word_1_229' title='bbox 788 2657 922 2709; x_wconf 86' lang='lat' dir='ltr'><strong>equorum</strong></span> 
     </span>
    </p>
   </div>
   <div class='ocr_carea' id='block_1_3' title="bbox 117 2709 924 2861">
    <p class='ocr_par' dir='ltr' id='par_1_6' title="bbox 117 2709 924 2861">
     <span class='ocr_line' id='line_1_34' title="bbox 117 2709 924 2788; baseline -0.011 -14"><span class='ocrx_word' id='word_1_230' title='bbox 117 2729 150 2774; x_wconf 84' lang='lat' dir='ltr'><strong>et</strong></span> <span class='ocrx_word' id='word_1_231' title='bbox 159 2735 303 2773; x_wconf 69' lang='lat' dir='ltr'><strong>umorum</strong></span> <span class='ocrx_word' id='word_1_232' title='bbox 314 2722 406 2774; x_wconf 77' lang='lat' dir='ltr'><strong>sutus</strong></span> <span class='ocrx_word' id='word_1_233' title='bbox 417 2727 482 2788; x_wconf 90' lang='lat' dir='ltr'><strong>post</strong></span> <span class='ocrx_word' id='word_1_234' title='bbox 492 2717 585 2770; x_wconf 90' lang='lat' dir='ltr'><strong>civilia</strong></span> <span class='ocrx_word' id='word_1_235' title='bbox 595 2715 669 2768; x_wconf 87' lang='lat' dir='ltr'><strong>bella</strong></span> <span class='ocrx_word' id='word_1_236' title='bbox 680 2715 786 2781; x_wconf 83' lang='lat' dir='ltr'><strong>omisit,</strong></span> <span class='ocrx_word' id='word_1_237' title='bbox 798 2723 826 2768; x_wconf 90' lang='lat' dir='ltr'><strong>et</strong></span> <span class='ocrx_word' id='word_1_238' title='bbox 837 2717 872 2770; x_wconf 89' lang='lat' dir='ltr'><strong>ad</strong></span> <span class='ocrx_word' id='word_1_239' title='bbox 882 2709 924 2784; x_wconf 84' lang='lat' dir='ltr'><strong>pl·</strong></span> 
     </span>
     <span class='ocr_line' id='line_1_35' title="bbox 131 2807 717 2861; baseline -0.02 0"><span class='ocrx_word' id='word_1_240' title='bbox 131 2835 137 2844; x_wconf 81' lang='lat'>=</span> <span class='ocrx_word' id='word_1_241' title='bbox 157 2815 304 2861; x_wconf 74' lang='lat' dir='ltr'><strong>Sueuos.</strong></span> <span class='ocrx_word' id='word_1_242' title='bbox 695 2807 717 2849; x_wconf 75' lang='lat' dir='ltr'><strong>G</strong></span> 
     </span>
    </p>
   </div>
   <div class='ocr_carea' id='block_1_4' title="bbox 0 0 1030 3034">
    <p class='ocr_par' dir='ltr' id='par_1_7' title="bbox 0 0 1030 3034">
     <span class='ocr_line' id='line_1_36' title="bbox 0 0 1030 3034; baseline 0 0"><span class='ocrx_word' id='word_1_243' title='bbox 0 0 1030 3034; x_wconf 95' lang='lat' dir='ltr'><strong> </strong></span> 
     </span>
    </p>
   </div>
   <div class='ocr_carea' id='block_1_5' title="bbox 870 2932 887 2964">
    <p class='ocr_par' dir='ltr' id='par_1_8' title="bbox 870 2932 887 2964">
     <span class='ocr_line' id='line_1_37' title="bbox 870 2932 887 2964; baseline 0 0"><span class='ocrx_word' id='word_1_244' title='bbox 870 2932 887 2964; x_wconf 81' lang='grc' dir='ltr'><strong>,Ι</strong></span> 
     </span>
    </p>
   </div>
  </div>
 </body>
</html>
