2026 3020
105 189 138 243 ²²
385 191 412 236 G.
440 188 623 236 suadeam

105 313 175 366 baec
189 313 440 379 constituebantur,
461 313 617 381 quindecim
635 313 771 366 mensium
785 329 847 367 enm
861 313 906 368 in·
952 347 957 357 ·

105 389 269 456 tercalario,
291 388 387 458 quiex
403 389 599 442 cousuetudine
609 390 639 442 iu
649 403 711 442 eum
723 402 824 440 annum
834 390 906 442 inci-

105 465 194 518 derat.
352 511 358 520 .

160 539 235 593 XLI.
251 539 379 594 Senatum
391 539 539 608 supplevit:
555 539 689 608 patricios
701 539 810 606 allegit=
821 555 903 607 prae.

104 622 205 680 torum,
217 615 357 679 aedilium,
370 621 560 682 quaestorum,
572 616 709 666 minorum
719 615 803 667 etiam
813 617 903 683 megi-

105 697 240 743 stratuum
259 705 400 742 numerum
420 691 576 757 ampliavit:
599 689 721 742 nudatos
735 705 818 758 opero
839 707 903 744 cen-

105 766 194 830 sorio,
207 772 255 816 aut
265 767 400 818 sententia
409 766 531 818 indicum
542 766 575 820 de
586 765 692 825 ambitu
702 765 902 819 condemnatos

105 841 236 893 restitnit.
276 841 398 892 Comitia
408 857 468 894 cum
479 841 583 910 populo
595 842 713 910 partinrs
725 845 778 893 est:
797 847 843 906 nt,
855 857 904 894 exa
946 887 951 900 ,

107 915 194 984 ceptis
206 916 366 968 consulatus
377 917 617 984 competitoribus,
635 917 668 968 de
682 922 773 968 cetero
785 931 901 970 numero

106 991 326 1056 candidatorum,
337 1007 388 1060 pro
399 999 478 1061 parte
489 993 617 1056 dimidia,
634 1007 703 1060 quos
714 991 834 1059 populus
844 993 902 1044 vel·
990 1017 992 1022 v

104 1067 156 1130 let,
176 1067 436 1134 pronunciarentur3
460 1084 510 1136 pro
531 1074 609 1136 parte
630 1068 730 1130 altera,
751 1082 822 1133 qnos
840 1067 903 1134 ipse

106 1142 247 1193 edidisset.
277 1141 313 1192 Et
324 1142 423 1194 edebat
432 1158 481 1209 per
492 1143 610 1206 libellos,
623 1142 725 1194 circum
735 1141 825 1192 tribus
835 1143 902 1193 mis·

106 1233 162 1281 sos,
173 1217 310 1283 scriptura
320 1216 410 1268 breui:
432 1216 530 1268 Caesar
540 1217 655 1270 dictator
664 1215 705 1268 urs
715 1215 804 1268 aioni.
823 1215 902 1268 Com·

106 1293 198 1342 ruendo
212 1289 283 1342 vobis
296 1290 369 1342 illum
384 1301 410 1344 ct
423 1291 507 1354 illum,
530 1301 561 1344 ut
573 1301 658 1344 oceno
673 1289 806 1362 suffragio
825 1307 901 1344 auom

107 1365 264 1435 dignitatem
276 1374 389 1418 teneant.
428 1367 547 1419 Admisit
562 1367 598 1418 ad
612 1366 731 1420 bonores
742 1372 770 1418 et
779 1369 900 1434 proscri-

105 1449 216 1509 ptorum
237 1440 349 1492 liberos.
387 1442 495 1494 ludicia
515 1443 626 1494 adduc
651 1457 751 1510 genera
775 1442 900 1496 iudicum

105 1515 224 1584 redegit,
240 1517 373 1586 equestris
384 1517 491 1569 ordinis
505 1533 538 1572 ac
551 1518 697 1570 senatorii:
717 1517 844 1570 tribunos
855 1533 900 1570 ae-

107 1592 211 1658 rarios,
227 1592 301 1660 quod
317 1598 377 1644 erat
389 1593 514 1658 tertium,
530 1593 648 1646 sustrdit.
687 1593 839 1644 Recensum
849 1609 899 1661 po-

106 1667 166 1735 puli
175 1683 226 1718 nec
236 1682 312 1718 more
322 1683 372 1719 nec
383 1667 445 1720 loeo
457 1669 555 1734 solito,
571 1670 618 1722 sed
629 1667 740 1722 vicatim
751 1683 801 1736 per
811 1667 900 1720 domi-

107 1757 158 1794 nos
176 1741 329 1793 insularum
349 1743 417 1810 egit3
443 1749 525 1812 atque
545 1759 579 1796 eu
598 1745 697 1812 viginti
716 1744 900 1812 trecentisque

107 1815 230 1868 millibus
245 1818 438 1884 accipientium
453 1818 618 1872 frumentum
629 1837 643 1873 e
653 1819 779 1887 publico,
792 1818 828 1870 ad
840 1835 899 1871 cen·

107 1897 164 1944 tum
176 1892 510 1960 quinquagintarctraxit.
548 1896 588 1946 Ac
601 1911 635 1946 ne
654 1895 702 1962 qui
719 1895 785 1946 novi
805 1901 900 1946 coetus

67 1985 72 1990 ·
107 1967 276 2020 recensionis
287 1984 372 2022 aalma
381 1971 487 2022 moveri
501 1970 666 2038 quandoque
681 1975 806 2035 possent,
820 1969 900 2023 insti·
996 2019 997 2028 ,

106 2043 172 2108 tuit,
194 2045 342 2112 quotannis
356 2045 384 2096 in
400 2044 606 2097 demortuorum
620 2045 711 2096 locum
731 2059 764 2096 ex
781 2044 830 2107 iis,
853 2045 899 2111 qui

107 2120 237 2170 recensiti
246 2135 301 2192 non
312 2124 411 2184 essent,
423 2121 585 2172 subsortitio
599 2135 614 2170 a
625 2125 752 2188 praetore
763 2119 848 2172 fieret.

163 2191 249 2244 XLII.
271 2193 419 2260 Octoginta
430 2201 520 2246 antem
531 2195 631 2247 civium
642 2195 763 2246 millibus
773 2195 803 2246 in
812 2201 899 2246 trans-

108 2267 229 2319 marinas
245 2267 370 2320 colonias
385 2268 552 2334 distributis,
573 2278 604 2322 ut
622 2270 771 2324 exhaustae
790 2285 900 2337 quoque

107 2344 177 2396 Urbi
196 2342 351 2411 frequentia
370 2351 539 2413 suppeteret,
564 2348 668 2411 sanxit,
694 2345 810 2413 nequis
832 2345 899 2396 civis

109 2421 199 2472 maior
210 2418 289 2472 annis
299 2419 398 2487 viginti
408 2421 531 2474 minorve
543 2422 738 2490 quadraginta,
750 2420 799 2487 qni
809 2435 898 2474 saera-

109 2501 200 2551 mento
215 2507 270 2547 non
285 2499 436 2568 teneretur,
455 2497 517 2564 plus
529 2498 650 2572 triennio
673 2497 802 2550 continuo
818 2495 899 2561 ltalia

111 2571 241 2640 abessetz.
251 2586 306 2623 neu
316 2571 377 2639 quis
388 2573 525 2624 senatoris
536 2574 618 2639 tilius,
630 2574 686 2626 nisi
695 2569 899 2625 contubernalis

110 2650 159 2698 aut
169 2660 260 2698 comes
270 2648 458 2714 magistratus,
467 2664 580 2717 peregre
590 2649 823 2718 proficisceretur:
833 2661 899 2698 neve

108 2717 146 2787 hi,
159 2721 207 2790 qui
217 2722 376 2792 pecuariam
386 2723 521 2791 facerent,
536 2727 626 2782 minos
636 2725 719 2790 tertia
729 2725 808 2792 parte
818 2721 898 2791 pube·
