2026 3020
194 242 489 320 ‘ocrnvr'nnos
525 271 603 320 oar.
623 273 736 320 ar-ae.
845 265 877 322 so

75 395 131 449 lum
143 411 255 465 poenae
266 398 377 449 subiret.
417 396 459 448 Ne
469 397 544 466 qnod
555 402 646 448 autem
656 397 821 448 maleficium
830 413 876 448 nc-

74 474 220 540 gotiumve
239 471 403 540 impunitate
423 472 467 523 vel
481 488 560 524 mora
575 472 741 536 elaberetur,
761 473 877 540 triginta

75 548 197 615 amplius
219 546 289 612 dies,
316 547 364 615 qui
387 545 545 599 honorariis
565 547 638 598 ludis
660 548 874 614 occupabantur,

74 625 151 680 actui
159 637 253 673 rerum
265 622 493 673 accommodavit.
532 623 574 673 Ad
587 628 643 675 tres
656 623 779 674 iudicum
795 623 875 674 decu-

74 698 131 748 rias
143 702 274 764 quartam
285 696 394 748 addidit
404 711 437 748 ex
446 697 578 750 irrieriore
593 714 687 762 censu,
709 715 779 766 quae
794 699 875 750 ducc-

74 773 220 824 nariorum
230 778 385 836 vocaretur,
396 771 586 840 iudicaretque
597 773 631 824 de
641 773 792 826 levioribus
802 789 874 825 surn-

74 849 136 899 mis.
177 845 287 898 ludices
312 862 329 898 a
347 847 479 898 vicesimo
500 848 600 900 aetatis
618 863 690 900 anno
711 849 820 917 allegit,
843 849 874 900 id

76 929 129 987 est,
141 921 332 990 quinquennio
343 923 491 986 maturius,
503 937 585 990 quam
595 923 730 976 solebant.
769 925 809 976 Ac
818 925 874 992 ple·

76 999 170 1065 risque
180 996 326 1048 iudicandi
336 1013 434 1048 munus
445 997 661 1048 detrectantibus
671 999 718 1050 rix
729 1000 874 1062 concessit,

76 1079 107 1123 ut
116 1071 237 1139 singulis
248 1071 368 1122 decuriis
378 1088 428 1139 per
437 1073 512 1122 vices
523 1085 615 1122 annua
624 1073 734 1124 vacatio
746 1079 830 1135 esset;
849 1080 877 1124 et

77 1152 107 1196 ut
116 1147 220 1200 solitae
231 1145 431 1213 agiNovembri
442 1163 475 1198 ac
484 1145 631 1198 Decembri
640 1162 786 1198 mensores
797 1148 876 1199 omit-

76 1228 208 1274 terentur.
641 1245 644 1252 ·

132 1295 266 1349 xxxin.
275 1295 338 1363 lpse
347 1297 391 1348 ins
403 1296 474 1346 dixit
484 1296 602 1361 assidue,
614 1298 680 1349 etin
690 1304 798 1352 noctem
809 1313 876 1349 non-

77 1387 233 1440 nunquam:
254 1371 387 1438 siparum
399 1386 516 1438 corpore
526 1373 641 1436 valeret,
657 1373 756 1426 lectica
765 1389 817 1442 pro
827 1374 876 1425 tri·

77 1449 176 1500 bunali
187 1447 338 1510 collocata,
354 1447 398 1498 vel
408 1447 491 1498 etiam
502 1446 578 1498 domi
588 1447 699 1500 cubans.
738 1449 819 1501 Dixit
829 1465 876 1500 au-

78 1531 133 1576 tem
143 1525 188 1574 ius
199 1538 256 1573 nou
267 1521 411 1588 diligentia
421 1521 506 1572 modo
517 1537 636 1586 summa,
654 1524 702 1575 sed
713 1529 740 1576 et
749 1525 875 1576 lenitate:

80 1598 219 1666 siqnidem
228 1595 370 1646 manifesti
380 1596 525 1663 parricidii
534 1613 622 1661 reum,
643 1613 677 1648 nc
693 1599 770 1650 culeo
786 1599 876 1649 insue-

79 1681 168 1738 retur,
190 1671 267 1739 quod
280 1687 336 1722 non
350 1671 405 1722 nisi
420 1669 540 1724 confessi
551 1665 706 1726 afficiuntur
715 1672 768 1726 hac
777 1687 876 1740 poena,

78 1750 119 1800 ita
128 1749 219 1800 fertur
228 1748 427 1814 interrogasse:
449 1745 526 1798 Certe
534 1755 641 1814 patrem
656 1755 729 1800 teum
743 1765 795 1802 noo
810 1747 877 1800 occi·

81 1823 159 1876 dicti?
181 1821 219 1874 Et
229 1837 312 1890 quum
324 1822 357 1874 de
366 1821 439 1872 falso
450 1825 613 1874 testamento
626 1831 759 1890 ageretur,
772 1839 877 1876 omnes-

80 1915 132 1966 que
143 1899 302 1966 signatores
312 1896 372 1964 lege
383 1897 513 1946 Cornelia
522 1902 690 1962 tenerentur,
706 1915 762 1950 non
771 1904 878 1949 tanturn

80 1975 150 2025 duas
161 1973 295 2037 tabellas,
311 1971 515 2023 damnatoriam
525 1977 553 2022 et
563 1972 776 2036 absolutorium,
796 1970 879 2022 simul

80 2048 313 2118 cognoscentibus
324 2047 412 2110 dedit;
427 2045 476 2098 sed
485 2047 596 2098 tertiam
607 2059 725 2114 quoque,
736 2062 791 2114 qua
800 2047 878 2114 igno-

80 2131 204 2177 sceretur
212 2123 258 2187 iis,
270 2137 339 2190 quos
349 2121 448 2174 fraude
459 2121 667 2190 adsignandum
681 2123 726 2174 vel
736 2138 828 2174 errore
838 2121 878 2172 in-

80 2200 180 2252 ductos
196 2198 375 2250 constitisset.
413 2197 619 2266 appellationes
635 2199 782 2267 quotannis
795 2199 877 2250 urba-

79 2285 178 2326 norum
195 2272 307 2340 quidem
325 2273 498 2342 litigatorum
512 2273 652 2341 praefecto
668 2275 814 2342 delegabat
826 2274 877 2324 Ur-

80 2351 136 2413 bis;
158 2356 189 2400 at
203 2347 415 2416 provincialium
431 2348 622 2401 consularibus
636 2350 716 2415 viris,
738 2365 808 2417 qnos
822 2348 877 2398 sin-

80 2427 161 2491 gulos
173 2424 308 2491 cuiusque
317 2423 476 2491 provinciae
487 2426 606 2491 negotiis
617 2424 831 2491 praeposuisset.

136 2497 268 2550 xxxiv.
288 2497 377 2566 Leges
386 2499 559 2562 retractavit,
580 2505 608 2550 et
622 2499 754 2566 quasdam
766 2512 799 2548 ex
809 2499 877 2546 inte-

79 2591 128 2642 gro
141 2573 246 2636 sanxit,
256 2578 288 2624 ut
297 2572 505 2641 sumptuariam,
517 2573 550 2624 de
562 2573 705 2623 adulteriis
716 2578 743 2623 et
753 2572 787 2623 de
797 2570 876 2639 pudi-

80 2651 160 2715 citia,
183 2649 218 2700 de
234 2649 351 2713 ambitu,
373 2649 406 2698 de
424 2647 586 2698 maritandis
606 2646 757 2698 ordinibus.
796 2645 877 2696 Hanc

80 2741 165 2792 quum
181 2723 325 2790 aliquanto
342 2721 462 2776 severius
477 2736 559 2787 quam
575 2727 679 2772 ceteras
697 2720 876 2780 emendasset,

79 2809 147 2870 prae
161 2798 284 2854 tumultu
297 2797 482 2854 recusantium
496 2794 617 2865 perferre
630 2811 686 2849 non
701 2797 804 2865 potuit:
824 2794 876 2847 nis*
