2036 3022
288 199 400 248 NERO.
438 199 515 247 GAP.
535 201 575 248 33.
595 202 634 248 34.
817 201 866 255 til

73 326 213 388 statione,
235 323 414 376 contubernio
436 340 545 394 quoque
569 339 602 376 ae
621 324 734 380 Palatio¹
754 327 867 396 expulit.

72 402 168 471 Neque
177 401 207 450 in
218 399 371 452 diuexanda
382 401 528 469 quiequam
539 402 618 468 pensi
627 399 733 467 habuit,
743 405 868 456 summis-

73 479 124 541 sis,
146 482 175 528 et
189 476 238 542 qui
250 474 355 527 Romae
368 481 521 527 morantem
535 475 644 542 litibus,
665 484 693 530 et
711 479 740 530 iu
759 495 869 532 secessu

74 553 259 621 quiescentem
278 565 327 617 per
347 551 472 602 convicia
491 557 519 602 et
537 551 629 617 iocos,
648 559 724 604 terra
744 554 868 623 marique

73 624 323 696 praeteruehentes,
333 626 526 694 inquietarent.
560 625 664 680 Verum
673 629 755 680 minis
766 629 825 681 eius
836 644 870 682 ac

73 701 208 754 violentia
222 701 334 752 territus
348 701 462 768 perdere
475 703 581 753 statuit.
619 701 656 754 Et
670 720 753 773 quum
763 719 868 758 veneno

72 785 115 830 ter
124 782 275 841 tentasset,
287 777 453 843 sentiretque
465 775 597 828 antidotis
607 779 817 845 praemunitam,
828 779 868 832 la-

76 852 203 914 cunaria,
219 863 289 919 qnae
301 856 387 903 noctu
406 865 488 918 snper
508 850 686 905 dormientem
702 855 797 908 laxata
811 871 868 907 ma-

76 926 156 979 china
167 925 331 989 deciderent,
342 925 459 992 paravit.
479 925 544 978 Hoc
554 928 671 980 consilio
682 945 731 995 per
741 931 868 982 conscios

73 1018 172 1070 parum
182 999 286 1066 celato,
301 1000 440 1052 solutilem
453 1015 565 1064 navers,
581 1002 659 1052 ouius
668 1002 712 1054 vel
721 1003 867 1072 naufragio

75 1078 118 1129 vel
138 1090 264 1128 camerae
283 1076 363 1126 ruina
377 1076 491 1143 periret,
508 1082 677 1129 commentus
691 1083 741 1129 est.
780 1079 869 1147 Atque

73 1154 114 1203 ita
137 1151 365 1203 reconciliatione
385 1150 533 1215 simulata,
554 1152 760 1204 iucundissimis
780 1153 869 1205 literis

73 1227 159 1280 Baias
179 1226 305 1278 evocavit
324 1225 359 1276 ad
380 1225 524 1278 sollemnia
546 1227 766 1296 Quinquatruum
786 1228 870 1280 simul

75 1301 257 1364 celebrandas
278 1300 398 1370 datoque
407 1302 519 1368 negotio
531 1301 699 1367 trierarchis,
711 1304 759 1371 qui
768 1303 868 1356 Libur-

72 1379 177 1442 nicum,
200 1391 255 1446 qna
275 1375 389 1429 advecta
408 1382 480 1440 erat,
500 1376 576 1428 velut
594 1377 710 1430 fortuito
732 1395 869 1434 concursu

74 1452 291 1520 confringerent,
311 1452 449 1519 protraxit
469 1453 632 1505 convivium.
671 1452 869 1525 Repetentiqne

72 1527 179 1580 Baulos
194 1528 223 1578 in
238 1525 327 1579 locum
343 1527 466 1594 corrupti
480 1528 585 1595 navigii
599 1526 788 1580 machinosum
798 1529 868 1582 illud

74 1603 189 1667 obtulit,
204 1600 291 1654 hilare
306 1608 485 1669 prosecutus3
507 1609 588 1670 atque
602 1604 631 1656 in
641 1604 767 1672 digressu
780 1603 868 1674 papil-

72 1679 116 1732 las
126 1693 237 1747 quoque
247 1676 435 1741 exosculatus,
450 1677 585 1744 reliquum
595 1680 728 1748 temporis
740 1695 801 1732 cum
811 1695 868 1732 ma-

72 1770 128 1823 gna
137 1752 325 1820 trepidatione
333 1752 472 1818 vigilavit,
485 1753 630 1819 opperiens
641 1761 801 1822 coeptorum
811 1755 868 1807 exi-

71 1838 141 1882 tum.
172 1827 227 1880 Sed
236 1833 267 1879 ut
277 1827 385 1880 diversa
396 1826 497 1890 omnia,
509 1827 656 1895 nandoque
666 1830 786 1881 evasisse
798 1844 867 1894 eam,

73 1904 221 1972 comperit,
232 1904 313 1971 inops
324 1901 447 1964 consilii,
458 1899 491 1950 L.
502 1901 649 1968 Agerinum
660 1901 789 1954 libertum
799 1904 867 1968 eius,

72 1980 179 2030 salvam
195 1983 223 2030 et
236 1977 477 2030 incolumemcum
491 1975 595 2042 gaudio
611 1977 799 2042 nuntiantem,
821 1978 868 2028 ab·

71 2057 146 2106 iecto
163 2053 234 2105 clam
248 2053 326 2104 iuxta
338 2052 471 2119 pugione,
490 2057 523 2102 ut
536 2067 725 2120 percussorem
736 2053 791 2104 sibi
804 2053 867 2104 snb-

72 2134 202 2182 ornatum
218 2127 304 2194 arripi
320 2127 524 2195 constringique
538 2127 632 2192 iussit,
644 2133 867 2198 matremqueoc-

72 2204 143 2269 cidi,
164 2204 245 2271 quasi
264 2199 460 2269 deprehensum
481 2203 583 2254 cumen
602 2202 761 2256 voluntaria
778 2210 868 2257 morte

69 2281 196 2332 vitasset.
234 2277 378 2328 Adduntur
397 2274 440 2327 his
460 2278 614 2343 atrociora,
629 2295 680 2331 nec
693 2279 805 2332 incertis
820 2296 868 2331 au-

71 2355 215 2407 ctoribus:
240 2353 276 2404 ad
295 2350 436 2406 visendum
456 2352 617 2406 interiectae
638 2355 755 2406 cadaver
775 2370 868 2406 acorr-

69 2431 156 2494 risse,
178 2433 362 2482 contrectasse
377 2427 515 2491 membra,
537 2428 593 2480 alia
607 2431 790 2498 vituperasse,
812 2429 869 2481 alia

70 2505 216 2569 laudasse,
237 2504 338 2571 sitique
356 2501 467 2554 interim
486 2503 597 2570 oborta,
618 2505 731 2556 bibisse.
773 2501 868 2573 Neque

69 2588 165 2632 tamen
180 2577 291 2632 sceleris
306 2577 513 2642 contuentium,
535 2594 691 2648 quanquam
706 2583 733 2630 et
750 2578 867 2630 militum

70 2661 99 2708 et
114 2660 229 2708 senatus
242 2654 392 2724 populique
406 2651 640 2721 gratulationibus
651 2653 866 2719 confirmaretur,

12 2797 13 2819 χ
70 2736 122 2786 aut
143 2729 237 2787 statim
258 2737 306 2786 aut
324 2744 444 2799 unquam
463 2734 561 2796 postea
580 2728 652 2787 ferre
671 2728 868 2806 potuit,sqepe
