2050 3034
100 255 151 308 134
377 259 403 304 C.
428 257 617 306 SUETONll

100 383 197 450 Equiti
203 381 327 434 Romano
339 381 521 434 iurisiurandi
530 381 647 448 gratiam
658 379 732 446 fecit,
740 385 772 432 ut
781 393 900 434 uxorem

99 460 128 509 in
140 465 235 525 stupro
246 458 342 525 generi
354 463 521 524 compertam
532 457 688 520 dimitteret,
696 471 778 522 qrram
788 471 818 508 se
828 472 899 509 nnn-

100 549 182 600 quam
192 533 400 600 repudiaturum
411 537 474 584 ante
483 533 633 583 iuraverat.
665 531 796 582 Feminae
806 531 898 583 famo·

99 625 158 672 sae,
179 614 210 658 ut
221 607 256 658 ad
267 607 409 658 evitandas
420 608 511 674 legum
525 623 630 674 poenas
644 606 704 658 iure
715 622 749 657 ac
759 605 897 674 dignitate

99 683 249 734 matronali
259 682 472 745 exsolverentur,
483 683 652 734 lenocinium
660 681 787 748 profiteri
797 697 896 750 coepe-

97 764 172 808 rant:
194 763 221 807 et
231 772 265 808 eu
273 758 414 808 iuventute
424 758 567 824 utriusque
582 756 688 808 ordinis
699 755 895 824 profligatissi-

77 863 81 874 ·
97 848 157 883 nrus
168 832 296 898 quisque,
318 846 372 898 quo
388 832 477 883 minus
491 833 520 882 in
536 827 621 901 opera
631 847 728 883 scenae
740 846 894 899 arenaeque

97 906 202 957 edenda
217 911 328 958 senatus
344 906 470 959 consulto
489 912 658 971 tenerentur,
679 905 782 958 famosi
793 906 895 958 iudicii

96 987 191 1032 notam
202 988 299 1049 sponte
310 983 448 1034 subibant.
478 981 535 1034 Eos
546 997 647 1049 easque
658 997 761 1045 omnes,
771 997 805 1033 ne
817 981 894 1049 quod

95 1056 232 1124 refugium
241 1058 270 1109 in
279 1057 332 1109 tali
341 1057 438 1110 fraude
449 1058 576 1124 cuiquam
587 1062 666 1122 esset,
678 1056 776 1108 exsilio
789 1055 892 1110 affecit.

96 1131 225 1184 Senatori
234 1133 321 1184 latum
331 1133 439 1184 clamrm
449 1133 563 1195 ademit,
580 1149 663 1198 quum
674 1136 828 1199 cognosset,
840 1133 893 1183 sub

94 1205 325 1258 Kalendoslulias
336 1207 503 1274 demigrasse
513 1209 543 1257 in
554 1206 658 1270 hortos,
670 1222 723 1273 quo
734 1207 816 1257 vilius
827 1214 895 1273 post

95 1281 167 1332 diem
179 1281 260 1333 aedes
269 1283 299 1333 in
308 1282 381 1334 Urbe
392 1282 565 1334 conduceret.
604 1282 694 1333 Alium
705 1287 732 1332 et
743 1287 895 1348 quaestura

96 1358 227 1420 removit,
249 1357 323 1423 quod
337 1373 465 1422 uxorem,
486 1357 576 1424 pridie
598 1357 745 1410 sortitione
770 1356 892 1422 ductam,

94 1423 229 1498 posbidie
240 1431 421 1499 repudiasset.

151 1546 279 1599 xxxvl.
300 1547 435 1600 Externos
447 1547 893 1618 caerimonias,Aegyptiosludai-
916 1579 920 1586 ·

95 1638 196 1689 cosque
206 1624 276 1674 ritus
289 1623 469 1689 compescuit3
496 1625 612 1696 coactis,
634 1625 682 1691 qui
696 1626 893 1694 superstitione

94 1712 127 1745 oa
146 1697 322 1760 tenebantur,
347 1697 493 1764 religiosas
517 1705 607 1750 vestes
628 1715 689 1749 curn
706 1700 891 1751 instrumento

95 1771 170 1820 omni
185 1772 353 1822 comburere.
391 1772 556 1824 ludaeorum
569 1773 737 1826 iuventutem
757 1789 807 1842 per
829 1791 891 1841 spe·

95 1845 163 1894 ciem
174 1847 340 1898 sacramenti
349 1847 378 1898 in
388 1848 546 1914 provincias
560 1849 697 1916 gravioris
714 1850 786 1901 coeli
796 1849 891 1902 distri-

95 1920 165 1970 buitr
185 1921 308 1988 reliquos
319 1923 407 1989 gentis
418 1923 552 1987 eiusdem,
572 1923 617 1974 vel
631 1923 734 1975 similia
744 1931 891 1986 sectantes,

94 1996 166 2047 Urbe
176 1998 335 2062 summovit,
346 1999 397 2049 snb
407 2015 498 2065 poena
507 2004 656 2067 perpetuae
666 2000 819 2064 servitutis,
835 2000 892 2051 nisi

12 2069 18 2080 '
94 2072 336 2138 obtemperassent.
375 2073 491 2140 Expulit
505 2072 763 2125 etmathematicos:
784 2074 891 2126 sedda-

93 2147 282 2211 precantibus,
304 2163 337 2198 ac
351 2163 380 2199 se
396 2154 483 2199 artem
503 2146 640 2200 desituros
655 2149 891 2215 promittentibus,

92 2217 201 2269 veniam
211 2220 295 2272 dedit.

149 2328 290 2382 XXXVII.
310 2331 341 2381 ln
356 2331 453 2398 primis
467 2331 585 2384 tuendae
600 2333 678 2401 pacis
694 2334 892 2402 agressaturis

94 2420 127 2454 ac
142 2403 297 2456 latrociniis
311 2406 531 2473 seditionumque
546 2407 659 2460 licentia
673 2424 768 2463 cruam
782 2408 890 2462 habuit.

95 2478 234 2532 stationes
255 2481 372 2532 militum
391 2497 440 2550 per
453 2481 563 2534 ltaliam
583 2482 667 2534 solito
686 2483 890 2552 frequentiores

92 2554 238 2621 disposuit.
276 2556 381 2608 Romae
393 2562 484 2609 casira
495 2558 650 2622 coustituit,
667 2560 767 2625 quibus
777 2565 890 2628 praeto.

91 2629 186 2681 tianae
198 2630 427 2700 cohortes,vagae
438 2638 501 2684 ante
511 2632 541 2684 id
550 2639 656 2701 tempus
667 2640 695 2685 et
705 2650 754 2702 per
763 2632 891 2703 hospitia

92 2701 242 2770 dispersae,
254 2709 467 2760 continerentur.
501 2707 653 2776 Populares
664 2709 798 2765 tumultus
808 2725 891 2766 exor-

7 2777 10 2791 ¹
91 2781 136 2826 4os
146 2781 308 2844 gravissime
319 2785 453 2848 coercuit,
469 2789 508 2849 et,
522 2800 557 2838 ne
568 2783 718 2851 orirentru,
733 2784 831 2838 scdulo
843 2801 890 2838 ca·
