2036 3022
156 197 205 250 30l
435 199 461 243 C.
484 195 672 244 SUETONll

155 323 263 379 initium
275 321 329 376 sibi
340 319 450 392 suisque
460 321 603 374 felicitatis
614 319 744 383 futurum,
751 319 838 370 simul
849 335 883 370 ac
892 317 958 370 dens

155 401 261 454 Neroni
281 405 422 466 exemptus
436 402 521 448 esset:
546 397 702 462 evenitque,
721 400 754 444 ut
768 395 900 462 sequenti
914 394 957 445 die

156 490 318 546 progressus
332 475 361 525 in
376 473 476 524 atrium
492 471 613 522 medicus
628 470 736 520 dentem
756 469 782 520 ei
799 469 957 520 ostenderet

155 558 261 606 tantum
272 548 345 618 quod
357 553 518 614 exemptum.
549 544 627 612 Apud
636 543 767 596 iudaeam
779 543 904 595 Carmeli
915 543 956 594 dci

157 625 298 678 oraculum
320 621 505 678 consulentem
523 622 564 672 ita
579 619 774 670 confirmavere
791 625 896 682 sortes,
917 625 954 682 ut,

157 699 287 770 quicquid
312 698 447 764 cogitaret
469 697 644 762 volveretquc
669 694 775 757 animo,
803 693 956 762 quamlibet

156 789 297 842 magnum,
322 771 350 822 id
372 787 431 822 esse
451 775 644 839 proventurum
669 768 878 836 pollicerentur.
922 768 956 818 Et

156 865 226 899 unns
237 863 270 900 ex
279 845 420 898 nobilibus
431 846 547 913 captivis
557 842 698 910 Iosephus,
709 858 793 910 quum
805 843 956 894 coniiccre-

156 931 201 974 tur
210 923 239 974 in
249 921 367 986 vincula,
380 921 602 973 constantissime
613 917 793 981 asseveravit,
805 916 868 969 fore
878 923 910 968 ut
921 919 955 968 ab

157 999 253 1051 eodem
263 997 341 1049 brevi
350 996 509 1059 solveretur,
520 1010 613 1045 verum
624 994 680 1044 iam
690 994 869 1060 imperatore.
879 991 955 1043 Nun-

159 1075 303 1126 ciabantur
313 1077 340 1123 et
350 1086 383 1122 ex
393 1071 466 1121 Urbe
476 1069 635 1137 praesagia,
656 1067 793 1119 Neronem
805 1067 905 1118 diebus
914 1067 956 1118 nl·

157 1150 232 1200 timis
242 1147 376 1199 monitum
390 1161 439 1214 per
453 1145 583 1212 quietem,
603 1149 636 1193 ut
647 1149 753 1194 tensam
763 1141 839 1193 lovis
851 1142 956 1210 Optimi

158 1223 274 1274 Maximi
285 1238 299 1273 e
309 1221 432 1272 sacrario
443 1221 472 1270 in
483 1219 593 1286 domurn
604 1217 783 1286 Vespasiani,
805 1223 834 1268 et
847 1217 914 1268 inde
927 1218 956 1268 in

159 1300 267 1348 Circum
287 1296 445 1347 deduceret:
467 1310 568 1345 aenon
585 1293 670 1345 multo
685 1299 762 1362 post,
783 1291 900 1344 comitia
915 1309 955 1344 se-

159 1372 241 1424 cundi
256 1369 415 1422 consulatus
428 1370 539 1420 inermtc
555 1367 658 1432 Galba,
679 1373 797 1418 statuam
813 1365 956 1418 Divilulii

159 1447 193 1498 ad
201 1447 338 1498 Orientem
349 1450 445 1513 sponte
457 1459 628 1495 conversam:
649 1444 761 1510 acieque
771 1441 955 1506 Betriacensi,

160 1524 234 1591 prius
245 1537 326 1591 quam
338 1520 560 1582 committeretur,
567 1519 636 1569 duas
647 1517 754 1586 aquilas
764 1518 794 1568 in
805 1523 956 1585 conspectu

160 1598 280 1648 omnium
301 1594 470 1658 conflixisse3
500 1594 627 1662 victaque
643 1593 742 1657 altera,
763 1593 955 1660 supervenisse

159 1672 267 1723 tertiam
279 1671 313 1720 ab
324 1669 392 1721 solis
403 1674 474 1733 ortu,
487 1685 520 1719 ac
528 1667 668 1720 victricem
679 1669 814 1736 abegisse.

214 1745 261 1796 vl.
273 1744 331 1796 Nec
339 1750 431 1796 tamen
442 1745 588 1813 quicquam
599 1749 662 1794 ante
671 1745 795 1806 tentavit,
806 1743 956 1812 promptis-

160 1821 237 1873 simis
248 1825 329 1890 atque
340 1818 424 1872 ctiam
433 1819 600 1870 instantibus
611 1819 682 1882 suis,
694 1833 776 1885 quam
787 1818 956 1886 sollicitatus

161 1895 331 1965 quorrmdam
348 1901 375 1948 et
388 1895 547 1963 ignotorum
562 1899 588 1945 et
604 1893 756 1943 absentium
775 1891 896 1944 fortuito
916 1891 957 1943 fa·

160 1989 235 2024 rore.
274 1971 411 2022 Moesiaci
425 1969 560 2021 exercitus
579 1968 646 2018 bina
666 1983 680 2018 e
694 1968 783 2018 tribus
797 1967 957 2036 legionibus

160 2047 257 2110 millia,
267 2047 353 2096 missa
364 2045 468 2096 auxilio
481 2042 591 2107 Othoni,
603 2048 749 2110 postquam
759 2042 813 2093 iter
822 2041 958 2110 ingressis

160 2122 317 2172 nrmciatum
329 2126 382 2183 est,
402 2120 504 2170 victum
518 2133 592 2181 eum,
614 2133 647 2167 ac
656 2118 711 2168 vim
721 2117 796 2168 vitae
806 2133 874 2168 suae
886 2124 958 2168 attu-

161 2197 235 2258 lisse,
246 2193 332 2246 nihilo
345 2195 434 2245 secius
443 2193 596 2261 Aquileiam
607 2207 693 2260 usque
704 2198 958 2257 perseveraverunt,

163 2271 242 2338 quasi
256 2269 362 2320 rumori
375 2269 465 2320 minus
480 2267 629 2319 crederent.
667 2266 711 2317 lbi
721 2283 770 2336 per
780 2268 960 2319 occasionem
1008 2317 1009 2320 ,

163 2362 195 2396 ac
205 2345 344 2396 licentiam
356 2338 430 2394 omni
440 2344 598 2410 rapinarum
609 2357 708 2409 genere
722 2343 856 2409 grassati,
873 2359 960 2412 quum
1008 2327 1009 2340 ¹

162 2421 296 2482 timerent,
307 2434 341 2469 ne
352 2417 406 2468 sibi
416 2418 532 2469 reversis
542 2416 681 2467 reddenda
691 2417 764 2468 ratio
771 2432 804 2470 ac
813 2417 960 2469 subeunda

162 2509 252 2558 poena
263 2499 346 2556 esset,
369 2489 511 2543 consilium
527 2492 648 2542 inierunt
661 2491 780 2560 eligendi
791 2492 960 2560 creandique

164 2567 350 2634 imperatoris:
372 2563 462 2632 Neque
482 2564 550 2616 enim
566 2565 707 2618 deteriores
722 2582 775 2618 esse
795 2575 845 2619 aut
858 2565 960 2636 Hispa·

163 2639 248 2690 aienti
258 2640 381 2702 exercitu,
394 2640 441 2706 qui
446 2639 565 2702 Galbam,
573 2650 619 2692 aut
626 2640 808 2708 praetoriano,
820 2639 959 2710 quiOtho·

164 2727 229 2774 netu,
242 2722 290 2764 aut
301 2711 512 2776 (inmaniciano,
524 2714 571 2782 qui
584 2711 859 2789 Vitelliumsecs'uent.
889 2716 958 2770 l’ro-
