<?xml version="1.0" encoding="UTF-8"?>
<!DOCTYPE html PUBLIC "-//W3C//DTD XHTML 1.0 Transitional//EN"
    "http://www.w3.org/TR/xhtml1/DTD/xhtml1-transitional.dtd">
<html xmlns="http://www.w3.org/1999/xhtml" xml:lang="en" lang="en">
 <head>
  <title>
</title>
<meta http-equiv="Content-Type" content="text/html;charset=utf-8" />
  <meta name='ocr-system' content='tesseract 3.04.00' />
  <meta name='ocr-capabilities' content='ocr_page ocr_carea ocr_par ocr_line ocrx_word'/>
</head>
<body>
  <div class='ocr_page' id='page_1' title='image "./csuetoniitranqu05suetgoog_0364.png"; bbox 0 0 2044 3028; ppageno 0'>
   <div class='ocr_carea' id='block_1_1' title="bbox 121 183 637 244">
    <p class='ocr_par' dir='ltr' id='par_1_1' title="bbox 121 183 637 244">
     <span class='ocr_line' id='line_1_1' title="bbox 121 183 637 244; baseline -0.002 -11"><span class='ocrx_word' id='word_1_1' title='bbox 121 191 171 244; x_wconf 72' lang='lat'>³54</span> <span class='ocrx_word' id='word_1_2' title='bbox 400 189 426 232; x_wconf 86' lang='lat' dir='ltr'>c.</span> <span class='ocrx_word' id='word_1_3' title='bbox 450 183 637 232; x_wconf 79' lang='lat' dir='ltr'>suurouu</span> 
     </span>
    </p>
   </div>
   <div class='ocr_carea' id='block_1_2' title="bbox 120 308 922 447">
    <p class='ocr_par' dir='ltr' id='par_1_2' title="bbox 120 308 922 447">
     <span class='ocr_line' id='line_1_2' title="bbox 120 308 922 381; baseline -0.012 -9"><span class='ocrx_word' id='word_1_4' title='bbox 120 319 175 374; x_wconf 87' lang='lat' dir='ltr'>fuit</span> <span class='ocrx_word' id='word_1_5' title='bbox 188 321 277 381; x_wconf 86' lang='lat' dir='ltr'>tanta,</span> <span class='ocrx_word' id='word_1_6' title='bbox 293 319 324 365; x_wconf 92' lang='lat' dir='ltr'>nt</span> <span class='ocrx_word' id='word_1_7' title='bbox 342 312 381 363; x_wconf 86' lang='lat' dir='ltr'>M.</span> <span class='ocrx_word' id='word_1_8' title='bbox 393 310 544 363; x_wconf 90' lang='lat' dir='ltr'>Varronem</span> <span class='ocrx_word' id='word_1_9' title='bbox 558 324 670 376; x_wconf 79' lang='lat' dir='ltr'>porcum</span> <span class='ocrx_word' id='word_1_10' title='bbox 686 308 859 377; x_wconf 84' lang='lat' dir='ltr'>appellaret3</span> <span class='ocrx_word' id='word_1_11' title='bbox 881 325 922 362; x_wconf 87' lang='lat' dir='ltr'>se-</span> 
     </span>
     <span class='ocr_line' id='line_1_3' title="bbox 123 385 922 447; baseline -0.015 0"><span class='ocrx_word' id='word_1_12' title='bbox 123 410 183 447; x_wconf 89' lang='lat' dir='ltr'>cnm</span> <span class='ocrx_word' id='word_1_13' title='bbox 202 399 230 444; x_wconf 89' lang='lat' dir='ltr'>et</span> <span class='ocrx_word' id='word_1_14' title='bbox 246 396 327 442; x_wconf 87' lang='lat' dir='ltr'>natas</span> <span class='ocrx_word' id='word_1_15' title='bbox 342 394 369 440; x_wconf 91' lang='lat' dir='ltr'>et</span> <span class='ocrx_word' id='word_1_16' title='bbox 386 388 535 439; x_wconf 86' lang='lat' dir='ltr'>morituras</span> <span class='ocrx_word' id='word_1_17' title='bbox 548 385 643 436; x_wconf 78' lang='lat' dir='ltr'>literas</span> <span class='ocrx_word' id='word_1_18' title='bbox 657 385 795 446; x_wconf 82' lang='lat' dir='ltr'>iactaret3</span> <span class='ocrx_word' id='word_1_19' title='bbox 820 401 922 440; x_wconf 84' lang='lat' dir='ltr'>nomen</span> 
     </span>
    </p>
   </div>
   <div class='ocr_carea' id='block_1_3' title="bbox 122 459 1013 615">
    <p class='ocr_par' dir='ltr' id='par_1_3' title="bbox 122 459 1013 615">
     <span class='ocr_line' id='line_1_4' title="bbox 122 459 1013 528; baseline -0.016 -4"><span class='ocrx_word' id='word_1_20' title='bbox 122 485 201 524; x_wconf 88' lang='lat' dir='ltr'>suum</span> <span class='ocrx_word' id='word_1_21' title='bbox 215 469 245 518; x_wconf 91' lang='lat' dir='ltr'>in</span> <span class='ocrx_word' id='word_1_22' title='bbox 258 464 399 517; x_wconf 82' lang='lat' dir='ltr'>Bucolicis</span> <span class='ocrx_word' id='word_1_23' title='bbox 414 479 469 514; x_wconf 89' lang='lat' dir='ltr'>non</span> <span class='ocrx_word' id='word_1_24' title='bbox 483 467 583 513; x_wconf 88' lang='lat' dir='ltr'>temere</span> <span class='ocrx_word' id='word_1_25' title='bbox 597 460 731 528; x_wconf 88' lang='lat' dir='ltr'>positum,</span> <span class='ocrx_word' id='word_1_26' title='bbox 746 459 796 511; x_wconf 87' lang='lat' dir='ltr'>sed</span> <span class='ocrx_word' id='word_1_27' title='bbox 810 476 923 526; x_wconf 87' lang='lat' dir='ltr'>praesa·</span> <span class='ocrx_word' id='word_1_28' title='bbox 1012 517 1013 520; x_wconf 8' lang='grc' dir='ltr'><strong>Ἴ</strong></span> 
     </span>
     <span class='ocr_line' id='line_1_5' title="bbox 123 535 1013 615; baseline -0.016 -17"><span class='ocrx_word' id='word_1_29' title='bbox 123 547 214 615; x_wconf 83' lang='lat' dir='ltr'>gientc</span> <span class='ocrx_word' id='word_1_30' title='bbox 227 541 362 609; x_wconf 76' lang='lat' dir='ltr'>Virgilio,</span> <span class='ocrx_word' id='word_1_31' title='bbox 377 538 438 590; x_wconf 87' lang='lat' dir='ltr'>fore</span> <span class='ocrx_word' id='word_1_32' title='bbox 454 537 618 605; x_wconf 81' lang='lat' dir='ltr'>quandoque</span> <span class='ocrx_word' id='word_1_33' title='bbox 632 535 754 587; x_wconf 93' lang='lat' dir='ltr'>omnium</span> <span class='ocrx_word' id='word_1_34' title='bbox 775 542 923 604; x_wconf 90' lang='lat' dir='ltr'>poetarum</span> <span class='ocrx_word' id='word_1_35' title='bbox 1012 535 1013 562; x_wconf 59' lang='lat' dir='ltr'>r</span> 
     </span>
    </p>
   </div>
   <div class='ocr_carea' id='block_1_4' title="bbox 76 609 925 1282">
    <p class='ocr_par' dir='ltr' id='par_1_4' title="bbox 76 609 925 1282">
     <span class='ocr_line' id='line_1_6' title="bbox 76 609 924 688; baseline -0.013 -14"><span class='ocrx_word' id='word_1_36' title='bbox 76 651 86 674; x_wconf 61' lang='grc' dir='ltr'><strong>ι</strong></span> <span class='ocrx_word' id='word_1_37' title='bbox 124 638 157 672; x_wconf 89' lang='lat' dir='ltr'>ac</span> <span class='ocrx_word' id='word_1_38' title='bbox 175 624 333 688; x_wconf 88' lang='lat' dir='ltr'>poematum</span> <span class='ocrx_word' id='word_1_39' title='bbox 351 613 544 666; x_wconf 74' lang='lat' dir='ltr'><strong>Palaemonem</strong></span> <span class='ocrx_word' id='word_1_40' title='bbox 563 611 689 662; x_wconf 88' lang='lat' dir='ltr'>iudicem.</span> <span class='ocrx_word' id='word_1_41' title='bbox 740 609 924 663; x_wconf 83' lang='lat' dir='ltr'>Gloriabatnr</span> 
     </span>
     <span class='ocr_line' id='line_1_7' title="bbox 124 687 923 759; baseline -0.011 -11"><span class='ocrx_word' id='word_1_42' title='bbox 124 697 220 759; x_wconf 89' lang='lat' dir='ltr'>etiam,</span> <span class='ocrx_word' id='word_1_43' title='bbox 235 693 357 744; x_wconf 87' lang='lat' dir='ltr'>latrones</span> <span class='ocrx_word' id='word_1_44' title='bbox 372 687 510 758; x_wconf 89' lang='lat' dir='ltr'>quondam</span> <span class='ocrx_word' id='word_1_45' title='bbox 525 687 580 738; x_wconf 89' lang='lat' dir='ltr'>sibi</span> <span class='ocrx_word' id='word_1_46' title='bbox 593 693 705 754; x_wconf 89' lang='lat' dir='ltr'>propter</span> <span class='ocrx_word' id='word_1_47' title='bbox 718 687 843 737; x_wconf 88' lang='lat' dir='ltr'>nominis</span> <span class='ocrx_word' id='word_1_48' title='bbox 854 687 923 739; x_wconf 86' lang='lat' dir='ltr'>cele-</span> 
     </span>
     <span class='ocr_line' id='line_1_8' title="bbox 124 760 923 833; baseline -0.011 -10"><span class='ocrx_word' id='word_1_49' title='bbox 124 771 252 823; x_wconf 90' lang='lat' dir='ltr'>britatem</span> <span class='ocrx_word' id='word_1_50' title='bbox 262 765 391 833; x_wconf 85' lang='lat' dir='ltr'>paraisse.</span> <span class='ocrx_word' id='word_1_51' title='bbox 429 762 570 814; x_wconf 83' lang='lat' dir='ltr'>Luxuriae</span> <span class='ocrx_word' id='word_1_52' title='bbox 579 762 621 813; x_wconf 89' lang='lat' dir='ltr'>ita</span> <span class='ocrx_word' id='word_1_53' title='bbox 630 760 757 824; x_wconf 72' lang='lat' dir='ltr'>indulsit,</span> <span class='ocrx_word' id='word_1_54' title='bbox 768 765 802 812; x_wconf 90' lang='lat' dir='ltr'>ut</span> <span class='ocrx_word' id='word_1_55' title='bbox 811 764 923 830; x_wconf 88' lang='lat' dir='ltr'>saepius</span> 
     </span>
     <span class='ocr_line' id='line_1_9' title="bbox 124 837 923 906; baseline -0.008 -10"><span class='ocrx_word' id='word_1_56' title='bbox 124 847 154 898; x_wconf 92' lang='lat' dir='ltr'>in</span> <span class='ocrx_word' id='word_1_57' title='bbox 169 845 214 894; x_wconf 90' lang='lat' dir='ltr'>die</span> <span class='ocrx_word' id='word_1_58' title='bbox 228 843 346 904; x_wconf 78' lang='lat' dir='ltr'>lavaret,</span> <span class='ocrx_word' id='word_1_59' title='bbox 361 854 412 891; x_wconf 88' lang='lat' dir='ltr'>nee</span> <span class='ocrx_word' id='word_1_60' title='bbox 425 839 562 890; x_wconf 85' lang='lat' dir='ltr'>sufficeret</span> <span class='ocrx_word' id='word_1_61' title='bbox 576 837 741 905; x_wconf 81' lang='lat' dir='ltr'>sumptibus,</span> <span class='ocrx_word' id='word_1_62' title='bbox 753 851 923 906; x_wconf 87' lang='lat' dir='ltr'>quamquam</span> 
     </span>
     <span class='ocr_line' id='line_1_10' title="bbox 126 913 922 984; baseline -0.008 -13"><span class='ocrx_word' id='word_1_63' title='bbox 126 935 159 972; x_wconf 84' lang='lat' dir='ltr'>er</span> <span class='ocrx_word' id='word_1_64' title='bbox 173 917 269 970; x_wconf 88' lang='lat' dir='ltr'>schola</span> <span class='ocrx_word' id='word_1_65' title='bbox 284 915 462 984; x_wconf 87' lang='lat' dir='ltr'>quadragena</span> <span class='ocrx_word' id='word_1_66' title='bbox 476 927 567 964; x_wconf 85' lang='lat' dir='ltr'>annua</span> <span class='ocrx_word' id='word_1_67' title='bbox 583 918 706 978; x_wconf 87' lang='lat' dir='ltr'>caperet,</span> <span class='ocrx_word' id='word_1_68' title='bbox 719 927 752 963; x_wconf 88' lang='lat' dir='ltr'>ac</span> <span class='ocrx_word' id='word_1_69' title='bbox 765 926 825 964; x_wconf 89' lang='lat' dir='ltr'>nou</span> <span class='ocrx_word' id='word_1_70' title='bbox 834 913 922 965; x_wconf 87' lang='lat' dir='ltr'>multo</span> 
     </span>
     <span class='ocr_line' id='line_1_11' title="bbox 125 987 922 1054; baseline -0.009 -7"><span class='ocrx_word' id='word_1_71' title='bbox 125 995 216 1047; x_wconf 88' lang='lat' dir='ltr'>minus</span> <span class='ocrx_word' id='word_1_72' title='bbox 235 1007 268 1044; x_wconf 83' lang='lat' dir='ltr'>ex</span> <span class='ocrx_word' id='word_1_73' title='bbox 283 1007 313 1044; x_wconf 92' lang='lat' dir='ltr'>re</span> <span class='ocrx_word' id='word_1_74' title='bbox 330 989 476 1053; x_wconf 78' lang='lat' dir='ltr'>familiari,</span> <span class='ocrx_word' id='word_1_75' title='bbox 497 987 575 1040; x_wconf 84' lang='lat' dir='ltr'>euius</span> <span class='ocrx_word' id='word_1_76' title='bbox 595 987 824 1054; x_wconf 83' lang='lat' dir='ltr'>diligentissimus</span> <span class='ocrx_word' id='word_1_77' title='bbox 845 995 922 1040; x_wconf 87' lang='lat' dir='ltr'>erat:</span> 
     </span>
     <span class='ocr_line' id='line_1_12' title="bbox 128 1063 925 1140; baseline -0.008 -18"><span class='ocrx_word' id='word_1_78' title='bbox 128 1086 210 1140; x_wconf 91' lang='lat' dir='ltr'>quum</span> <span class='ocrx_word' id='word_1_79' title='bbox 222 1073 249 1120; x_wconf 90' lang='lat' dir='ltr'>et</span> <span class='ocrx_word' id='word_1_80' title='bbox 259 1067 383 1119; x_wconf 84' lang='lat' dir='ltr'>officinas</span> <span class='ocrx_word' id='word_1_81' title='bbox 393 1063 604 1132; x_wconf 88' lang='lat' dir='ltr'>promercalium</span> <span class='ocrx_word' id='word_1_82' title='bbox 612 1063 730 1114; x_wconf 78' lang='lat' dir='ltr'>vestium</span> <span class='ocrx_word' id='word_1_83' title='bbox 741 1070 891 1129; x_wconf 82' lang='lat' dir='ltr'>exerceret,</span> <span class='ocrx_word' id='word_1_84' title='bbox 898 1070 925 1116; x_wconf 86' lang='lat' dir='ltr'>et</span> 
     </span>
     <span class='ocr_line' id='line_1_13' title="bbox 128 1137 923 1213; baseline -0.008 -17"><span class='ocrx_word' id='word_1_85' title='bbox 128 1161 210 1213; x_wconf 89' lang='lat' dir='ltr'>agros</span> <span class='ocrx_word' id='word_1_86' title='bbox 226 1143 295 1194; x_wconf 86' lang='lat' dir='ltr'>adeo</span> <span class='ocrx_word' id='word_1_87' title='bbox 311 1141 425 1204; x_wconf 87' lang='lat' dir='ltr'>coleret,</span> <span class='ocrx_word' id='word_1_88' title='bbox 440 1145 472 1190; x_wconf 88' lang='lat' dir='ltr'>nt</span> <span class='ocrx_word' id='word_1_89' title='bbox 480 1139 576 1204; x_wconf 84' lang='lat' dir='ltr'>ritem,</span> <span class='ocrx_word' id='word_1_90' title='bbox 590 1153 673 1190; x_wconf 89' lang='lat' dir='ltr'>mann</span> <span class='ocrx_word' id='word_1_91' title='bbox 683 1137 743 1190; x_wconf 91' lang='lat' dir='ltr'>eius</span> <span class='ocrx_word' id='word_1_92' title='bbox 752 1138 923 1204; x_wconf 89' lang='lat' dir='ltr'>institutam,</span> 
     </span>
     <span class='ocr_line' id='line_1_14' title="bbox 128 1213 924 1282; baseline -0.008 -11"><span class='ocrx_word' id='word_1_93' title='bbox 128 1221 196 1272; x_wconf 84' lang='lat' dir='ltr'>satis</span> <span class='ocrx_word' id='word_1_94' title='bbox 208 1223 314 1270; x_wconf 87' lang='lat' dir='ltr'>constet</span> <span class='ocrx_word' id='word_1_95' title='bbox 323 1221 444 1270; x_wconf 85' lang='lat' dir='ltr'>trecenta</span> <span class='ocrx_word' id='word_1_96' title='bbox 459 1215 602 1282; x_wconf 78' lang='lat' dir='ltr'>sexaginta</span> <span class='ocrx_word' id='word_1_97' title='bbox 612 1213 732 1280; x_wconf 89' lang='lat' dir='ltr'>quinque</span> <span class='ocrx_word' id='word_1_98' title='bbox 742 1229 811 1264; x_wconf 88' lang='lat' dir='ltr'>vasa</span> <span class='ocrx_word' id='word_1_99' title='bbox 821 1215 924 1266; x_wconf 80' lang='lat' dir='ltr'>edidis-</span> 
     </span>
    </p>
   </div>
   <div class='ocr_carea' id='block_1_5' title="bbox 127 1363 925 1587">
    <p class='ocr_par' dir='ltr' id='par_1_5' title="bbox 127 1363 925 1587">
     <span class='ocr_line' id='line_1_15' title="bbox 127 1363 922 1438; baseline -0.006 -17"><span class='ocrx_word' id='word_1_100' title='bbox 127 1385 214 1438; x_wconf 88' lang='lat' dir='ltr'>nsque</span> <span class='ocrx_word' id='word_1_101' title='bbox 230 1367 265 1420; x_wconf 66' lang='lat' dir='ltr'>acl</span> <span class='ocrx_word' id='word_1_102' title='bbox 279 1366 421 1418; x_wconf 79' lang='lat' dir='ltr'>infamiam</span> <span class='ocrx_word' id='word_1_103' title='bbox 437 1366 512 1417; x_wconf 89' lang='lat' dir='ltr'>oris:</span> <span class='ocrx_word' id='word_1_104' title='bbox 532 1365 661 1433; x_wconf 84' lang='lat' dir='ltr'>dictoque</span> <span class='ocrx_word' id='word_1_105' title='bbox 675 1377 730 1415; x_wconf 90' lang='lat' dir='ltr'>non</span> <span class='ocrx_word' id='word_1_106' title='bbox 740 1363 863 1416; x_wconf 80' lang='lat' dir='ltr'>infaceto</span> <span class='ocrx_word' id='word_1_107' title='bbox 874 1381 922 1416; x_wconf 92' lang='lat' dir='ltr'>no-</span> 
     </span>
     <span class='ocr_line' id='line_1_16' title="bbox 130 1439 923 1509; baseline -0.006 -13"><span class='ocrx_word' id='word_1_108' title='bbox 130 1451 218 1496; x_wconf 87' lang='lat' dir='ltr'>tatum</span> <span class='ocrx_word' id='word_1_109' title='bbox 228 1443 320 1496; x_wconf 89' lang='lat' dir='ltr'>ferunt</span> <span class='ocrx_word' id='word_1_110' title='bbox 330 1441 484 1506; x_wconf 82' lang='lat' dir='ltr'>cuiusdam,</span> <span class='ocrx_word' id='word_1_111' title='bbox 496 1441 556 1509; x_wconf 90' lang='lat' dir='ltr'>qui,</span> <span class='ocrx_word' id='word_1_112' title='bbox 568 1455 650 1509; x_wconf 88' lang='lat' dir='ltr'>quum</span> <span class='ocrx_word' id='word_1_113' title='bbox 664 1440 694 1490; x_wconf 89' lang='lat' dir='ltr'>in</span> <span class='ocrx_word' id='word_1_114' title='bbox 704 1439 787 1491; x_wconf 76' lang='lat' dir='ltr'>umba</span> <span class='ocrx_word' id='word_1_115' title='bbox 799 1440 923 1492; x_wconf 87' lang='lat' dir='ltr'>osculnm</span> 
     </span>
     <span class='ocr_line' id='line_1_17' title="bbox 130 1513 925 1587; baseline -0.006 -16"><span class='ocrx_word' id='word_1_116' title='bbox 130 1521 185 1572; x_wconf 87' lang='lat' dir='ltr'>sibi</span> <span class='ocrx_word' id='word_1_117' title='bbox 198 1520 377 1587; x_wconf 79' lang='lat' dir='ltr'>ingerentem,</span> <span class='ocrx_word' id='word_1_118' title='bbox 394 1531 558 1583; x_wconf 89' lang='lat' dir='ltr'>quamquam</span> <span class='ocrx_word' id='word_1_119' title='bbox 568 1515 718 1582; x_wconf 83' lang='lat' dir='ltr'>refugiens,</span> <span class='ocrx_word' id='word_1_120' title='bbox 734 1513 925 1568; x_wconf 83' lang='lat' dir='ltr'>devitarenon</span> 
     </span>
    </p>
   </div>
   <div class='ocr_carea' id='block_1_6' title="bbox 129 1588 926 1808">
    <p class='ocr_par' dir='ltr' id='par_1_6' title="bbox 129 1588 926 1808">
     <span class='ocr_line' id='line_1_18' title="bbox 129 1588 925 1662; baseline -0.004 -16"><span class='ocrx_word' id='word_1_121' title='bbox 129 1602 235 1661; x_wconf 85' lang='lat' dir='ltr'>posset:</span> <span class='ocrx_word' id='word_1_122' title='bbox 253 1592 298 1644; x_wconf 76' lang='lat' dir='ltr'>Va</span> <span class='ocrx_word' id='word_1_123' title='bbox 309 1601 350 1655; x_wconf 85' lang='lat' dir='ltr'>tu,</span> <span class='ocrx_word' id='word_1_124' title='bbox 360 1592 463 1660; x_wconf 91' lang='lat' dir='ltr'>inquit,</span> <span class='ocrx_word' id='word_1_125' title='bbox 475 1590 613 1660; x_wconf 52' lang='lat' dir='ltr'>moffieter,</span> <span class='ocrx_word' id='word_1_126' title='bbox 626 1588 744 1658; x_wconf 80' lang='lat' dir='ltr'>quotient</span> <span class='ocrx_word' id='word_1_127' title='bbox 746 1589 925 1662; x_wconf 75' lang='lat' dir='ltr'>festinantem</span> 
     </span>
     <span class='ocr_line' id='line_1_19' title="bbox 130 1665 819 1735; baseline -0.012 -15"><span class='ocrx_word' id='word_1_128' title='bbox 130 1669 243 1735; x_wconf 76' lang='lat' dir='ltr'>aliquem</span> <span class='ocrx_word' id='word_1_129' title='bbox 252 1665 527 1734; x_wconf 76' lang='lat' dir='ltr'>eides‚nfligurriref</span> <span class='ocrx_word' id='word_1_130' title='bbox 817 1715 819 1720; x_wconf 73' lang='grc'>,</span> 
     </span>
     <span class='ocr_line' id='line_1_20' title="bbox 186 1739 926 1808; baseline 0.001 -14"><span class='ocrx_word' id='word_1_131' title='bbox 186 1741 287 1794; x_wconf 84' lang='lat' dir='ltr'>XXIV.</span> <span class='ocrx_word' id='word_1_132' title='bbox 306 1741 345 1793; x_wconf 89' lang='grc' dir='ltr'>Μ.</span> <span class='ocrx_word' id='word_1_133' title='bbox 356 1740 506 1792; x_wconf 75' lang='lat' dir='ltr'>Vacemus</span> <span class='ocrx_word' id='word_1_134' title='bbox 516 1739 641 1805; x_wconf 74' lang='lat' dir='ltr'>Paoatu,</span> <span class='ocrx_word' id='word_1_135' title='bbox 651 1740 791 1808; x_wconf 89' lang='lat' dir='ltr'>Berytius,</span> <span class='ocrx_word' id='word_1_136' title='bbox 805 1742 855 1793; x_wconf 92' lang='lat' dir='ltr'>din</span> <span class='ocrx_word' id='word_1_137' title='bbox 866 1759 926 1795; x_wconf 89' lang='lat' dir='ltr'>cen-</span> 
     </span>
    </p>
   </div>
   <div class='ocr_carea' id='block_1_7' title="bbox 131 1815 929 2336">
    <p class='ocr_par' dir='ltr' id='par_1_7' title="bbox 131 1815 929 2336">
     <span class='ocr_line' id='line_1_21' title="bbox 131 1815 926 1884; baseline -0.003 -13"><span class='ocrx_word' id='word_1_138' title='bbox 131 1818 262 1872; x_wconf 88' lang='lat' dir='ltr'>turiatum</span> <span class='ocrx_word' id='word_1_139' title='bbox 277 1817 369 1884; x_wconf 86' lang='lat' dir='ltr'>petiit,</span> <span class='ocrx_word' id='word_1_140' title='bbox 385 1816 473 1868; x_wconf 85' lang='lat' dir='ltr'>donec</span> <span class='ocrx_word' id='word_1_141' title='bbox 486 1815 579 1868; x_wconf 78' lang='lat' dir='ltr'>taedio</span> <span class='ocrx_word' id='word_1_142' title='bbox 595 1815 630 1866; x_wconf 81' lang='lat' dir='ltr'>ad</span> <span class='ocrx_word' id='word_1_143' title='bbox 645 1816 737 1867; x_wconf 84' lang='lat' dir='ltr'>studia</span> <span class='ocrx_word' id='word_1_144' title='bbox 752 1833 781 1868; x_wconf 94' lang='lat' dir='ltr'>se</span> <span class='ocrx_word' id='word_1_145' title='bbox 798 1819 926 1870; x_wconf 85' lang='lat' dir='ltr'>contulit.</span> 
     </span>
     <span class='ocr_line' id='line_1_22' title="bbox 131 1891 929 1962; baseline 0 -18"><span class='ocrx_word' id='word_1_146' title='bbox 131 1895 251 1962; x_wconf 86' lang='lat' dir='ltr'>Legerat</span> <span class='ocrx_word' id='word_1_147' title='bbox 263 1895 292 1944; x_wconf 91' lang='lat' dir='ltr'>in</span> <span class='ocrx_word' id='word_1_148' title='bbox 305 1891 449 1960; x_wconf 77' lang='lat' dir='ltr'>provintia</span> <span class='ocrx_word' id='word_1_149' title='bbox 463 1891 596 1958; x_wconf 84' lang='lat' dir='ltr'>quosdam</span> <span class='ocrx_word' id='word_1_150' title='bbox 606 1896 711 1943; x_wconf 84' lang='lat' dir='ltr'>veteres</span> <span class='ocrx_word' id='word_1_151' title='bbox 725 1891 837 1944; x_wconf 87' lang='lat' dir='ltr'>libellos</span> <span class='ocrx_word' id='word_1_152' title='bbox 854 1892 929 1960; x_wconf 89' lang='lat' dir='ltr'>apud</span> 
     </span>
     <span class='ocr_line' id='line_1_23' title="bbox 132 1959 928 2038; baseline 0.001 -19"><span class='ocrx_word' id='word_1_153' title='bbox 132 1968 362 2038; x_wconf 85' lang='lat' dir='ltr'>grammatistam,</span> <span class='ocrx_word' id='word_1_154' title='bbox 378 1967 493 2018; x_wconf 87' lang='lat' dir='ltr'>durante</span> <span class='ocrx_word' id='word_1_155' title='bbox 508 1959 596 2016; x_wconf 78' lang='lat' dir='ltr'>adhuc</span> <span class='ocrx_word' id='word_1_156' title='bbox 614 1967 665 2016; x_wconf 87' lang='lat' dir='ltr'>ibi·</span> <span class='ocrx_word' id='word_1_157' title='bbox 675 1966 852 2036; x_wconf 88' lang='lat' dir='ltr'>antiquorum</span> <span class='ocrx_word' id='word_1_158' title='bbox 873 1985 928 2020; x_wconf 92' lang='lat' dir='ltr'>me-</span> 
     </span>
     <span class='ocr_line' id='line_1_24' title="bbox 133 2041 929 2108; baseline 0 -14"><span class='ocrx_word' id='word_1_159' title='bbox 133 2045 236 2108; x_wconf 90' lang='lat' dir='ltr'>moria,</span> <span class='ocrx_word' id='word_1_160' title='bbox 247 2044 362 2096; x_wconf 88' lang='lat' dir='ltr'>necdum</span> <span class='ocrx_word' id='word_1_161' title='bbox 373 2043 483 2094; x_wconf 88' lang='lat' dir='ltr'>omnino</span> <span class='ocrx_word' id='word_1_162' title='bbox 496 2041 613 2104; x_wconf 86' lang='lat' dir='ltr'>abolita,</span> <span class='ocrx_word' id='word_1_163' title='bbox 625 2041 696 2092; x_wconf 89' lang='lat' dir='ltr'>sicut</span> <span class='ocrx_word' id='word_1_164' title='bbox 710 2041 825 2095; x_wconf 86' lang='lat' dir='ltr'>Romae.</span> <span class='ocrx_word' id='word_1_165' title='bbox 865 2043 929 2096; x_wconf 88' lang='lat' dir='ltr'>Hos</span> 
     </span>
     <span class='ocr_line' id='line_1_25' title="bbox 135 2116 929 2190; baseline 0.004 -22"><span class='ocrx_word' id='word_1_166' title='bbox 135 2133 216 2184; x_wconf 91' lang='lat' dir='ltr'>quum</span> <span class='ocrx_word' id='word_1_167' title='bbox 232 2118 391 2190; x_wconf 71' lang='lat' dir='ltr'>diligentius</span> <span class='ocrx_word' id='word_1_168' title='bbox 404 2124 537 2184; x_wconf 87' lang='lat' dir='ltr'>repetere,</span> <span class='ocrx_word' id='word_1_169' title='bbox 553 2122 635 2185; x_wconf 87' lang='lat' dir='ltr'>atque</span> <span class='ocrx_word' id='word_1_170' title='bbox 651 2116 722 2168; x_wconf 87' lang='lat' dir='ltr'>alios</span> <span class='ocrx_word' id='word_1_171' title='bbox 737 2116 868 2186; x_wconf 78' lang='lat' dir='ltr'>deinceps</span> <span class='ocrx_word' id='word_1_172' title='bbox 882 2135 929 2170; x_wconf 47' lang='lat' dir='ltr'>com</span> 
     </span>
     <span class='ocr_line' id='line_1_26' title="bbox 133 2191 928 2263; baseline 0.003 -20"><span class='ocrx_word' id='word_1_173' title='bbox 133 2207 264 2259; x_wconf 80' lang='lat' dir='ltr'>gnoscere</span> <span class='ocrx_word' id='word_1_174' title='bbox 280 2199 401 2258; x_wconf 76' lang='lat' dir='ltr'>carperet,</span> <span class='ocrx_word' id='word_1_175' title='bbox 417 2191 540 2260; x_wconf 83' lang='lat' dir='ltr'>quamvis</span> <span class='ocrx_word' id='word_1_176' title='bbox 555 2207 603 2243; x_wconf 89' lang='lat' dir='ltr'>eos</span> <span class='ocrx_word' id='word_1_177' title='bbox 618 2193 767 2256; x_wconf 87' lang='lat' dir='ltr'>contemni,</span> <span class='ocrx_word' id='word_1_178' title='bbox 782 2194 928 2263; x_wconf 73' lang='lat' dir='ltr'>magisque</span> 
     </span>
     <span class='ocr_line' id='line_1_27' title="bbox 135 2266 929 2336; baseline 0.003 -18"><span class='ocrx_word' id='word_1_179' title='bbox 135 2267 286 2334; x_wconf 88' lang='lat' dir='ltr'>opprobrio</span> <span class='ocrx_word' id='word_1_180' title='bbox 300 2267 465 2334; x_wconf 85' lang='lat' dir='ltr'>legentibus,</span> <span class='ocrx_word' id='word_1_181' title='bbox 481 2281 562 2336; x_wconf 90' lang='lat' dir='ltr'>quam</span> <span class='ocrx_word' id='word_1_182' title='bbox 576 2267 682 2333; x_wconf 87' lang='lat' dir='ltr'>gloriae</span> <span class='ocrx_word' id='word_1_183' title='bbox 703 2271 730 2317; x_wconf 93' lang='lat' dir='ltr'>et</span> <span class='ocrx_word' id='word_1_184' title='bbox 749 2266 853 2320; x_wconf 89' lang='lat' dir='ltr'>fructui</span> <span class='ocrx_word' id='word_1_185' title='bbox 867 2285 929 2320; x_wconf 87' lang='lat' dir='ltr'>esse</span> 
     </span>
    </p>
   </div>
   <div class='ocr_carea' id='block_1_8' title="bbox 135 2341 1013 2412">
    <p class='ocr_par' dir='ltr' id='par_1_8' title="bbox 135 2341 1013 2412">
     <span class='ocr_line' id='line_1_28' title="bbox 135 2341 1013 2412; baseline 0.005 -21"><span class='ocrx_word' id='word_1_186' title='bbox 135 2341 374 2406; x_wconf 83' lang='lat' dir='ltr'>animadverteret,</span> <span class='ocrx_word' id='word_1_187' title='bbox 394 2341 573 2394; x_wconf 87' lang='lat' dir='ltr'>nihilominus</span> <span class='ocrx_word' id='word_1_188' title='bbox 592 2343 621 2391; x_wconf 91' lang='lat' dir='ltr'>in</span> <span class='ocrx_word' id='word_1_189' title='bbox 640 2343 785 2412; x_wconf 90' lang='lat' dir='ltr'>proposito</span> <span class='ocrx_word' id='word_1_190' title='bbox 805 2344 927 2395; x_wconf 84' lang='lat' dir='ltr'>mansit:</span> <span class='ocrx_word' id='word_1_191' title='bbox 1012 2349 1013 2356; x_wconf 78' lang='grc'>’</span> 
     </span>
    </p>
   </div>
   <div class='ocr_carea' id='block_1_9' title="bbox 133 2414 929 2560">
    <p class='ocr_par' dir='ltr' id='par_1_9' title="bbox 133 2414 929 2560">
     <span class='ocr_line' id='line_1_29' title="bbox 134 2414 928 2485; baseline 0.004 -19"><span class='ocrx_word' id='word_1_192' title='bbox 134 2414 274 2483; x_wconf 87' lang='lat' dir='ltr'>multaque</span> <span class='ocrx_word' id='word_1_193' title='bbox 289 2417 456 2485; x_wconf 86' lang='lat' dir='ltr'>exemplaria</span> <span class='ocrx_word' id='word_1_194' title='bbox 470 2422 612 2468; x_wconf 86' lang='lat' dir='ltr'>contracta</span> <span class='ocrx_word' id='word_1_195' title='bbox 626 2417 771 2470; x_wconf 88' lang='lat' dir='ltr'>emendare</span> <span class='ocrx_word' id='word_1_196' title='bbox 786 2433 818 2470; x_wconf 86' lang='lat' dir='ltr'>ac</span> <span class='ocrx_word' id='word_1_197' title='bbox 829 2417 928 2469; x_wconf 86' lang='lat' dir='ltr'>distin-</span> 
     </span>
     <span class='ocr_line' id='line_1_30' title="bbox 133 2489 929 2560; baseline 0.008 -22"><span class='ocrx_word' id='word_1_198' title='bbox 133 2502 216 2554; x_wconf 84' lang='lat' dir='ltr'>guere</span> <span class='ocrx_word' id='word_1_199' title='bbox 231 2496 259 2540; x_wconf 86' lang='lat' dir='ltr'>et</span> <span class='ocrx_word' id='word_1_200' title='bbox 272 2490 405 2542; x_wconf 84' lang='lat' dir='ltr'>adnotare</span> <span class='ocrx_word' id='word_1_201' title='bbox 418 2492 536 2553; x_wconf 84' lang='lat' dir='ltr'>curavit,</span> <span class='ocrx_word' id='word_1_202' title='bbox 553 2491 607 2542; x_wconf 86' lang='lat' dir='ltr'>soli</span> <span class='ocrx_word' id='word_1_203' title='bbox 621 2489 697 2554; x_wconf 86' lang='lat' dir='ltr'>hnic,</span> <span class='ocrx_word' id='word_1_204' title='bbox 713 2493 829 2543; x_wconf 84' lang='lat' dir='ltr'>nonulli</span> <span class='ocrx_word' id='word_1_205' title='bbox 847 2507 929 2560; x_wconf 84' lang='lat' dir='ltr'>prae-</span> 
     </span>
    </p>
   </div>
   <div class='ocr_carea' id='block_1_10' title="bbox 132 2565 1013 2630">
    <p class='ocr_par' dir='ltr' id='par_1_10' title="bbox 132 2565 1013 2630">
     <span class='ocr_line' id='line_1_31' title="bbox 132 2565 1013 2630; baseline 0.011 -20"><span class='ocrx_word' id='word_1_206' title='bbox 132 2565 210 2612; x_wconf 80' lang='lat' dir='ltr'>terea</span> <span class='ocrx_word' id='word_1_207' title='bbox 218 2567 407 2630; x_wconf 86' lang='lat' dir='ltr'>grammatices</span> <span class='ocrx_word' id='word_1_208' title='bbox 418 2566 491 2630; x_wconf 88' lang='lat' dir='ltr'>parti</span> <span class='ocrx_word' id='word_1_209' title='bbox 501 2565 617 2616; x_wconf 86' lang='lat' dir='ltr'>deditus.</span> <span class='ocrx_word' id='word_1_210' title='bbox 647 2566 703 2616; x_wconf 90' lang='lat' dir='ltr'>Hic</span> <span class='ocrx_word' id='word_1_211' title='bbox 712 2583 767 2618; x_wconf 91' lang='lat' dir='ltr'>non</span> <span class='ocrx_word' id='word_1_212' title='bbox 778 2573 834 2618; x_wconf 86' lang='lat' dir='ltr'>tam</span> <span class='ocrx_word' id='word_1_213' title='bbox 845 2567 929 2620; x_wconf 87' lang='lat' dir='ltr'>disci-</span> <span class='ocrx_word' id='word_1_214' title='bbox 1012 2585 1013 2608; x_wconf 67' lang='lat'>1</span> 
     </span>
    </p>
   </div>
   <div class='ocr_carea' id='block_1_11' title="bbox 132 2633 1013 2782">
    <p class='ocr_par' dir='ltr' id='par_1_11' title="bbox 132 2633 1013 2782">
     <span class='ocr_line' id='line_1_32' title="bbox 132 2633 1013 2711; baseline 0.012 -28"><span class='ocrx_word' id='word_1_215' title='bbox 132 2633 228 2700; x_wconf 87' lang='lat' dir='ltr'>pulos,</span> <span class='ocrx_word' id='word_1_216' title='bbox 243 2653 324 2704; x_wconf 89' lang='lat' dir='ltr'>quam</span> <span class='ocrx_word' id='word_1_217' title='bbox 340 2646 489 2691; x_wconf 77' lang='lat' dir='ltr'>sectatores</span> <span class='ocrx_word' id='word_1_218' title='bbox 503 2639 611 2707; x_wconf 89' lang='lat' dir='ltr'>aliquot</span> <span class='ocrx_word' id='word_1_219' title='bbox 624 2638 729 2691; x_wconf 85' lang='lat' dir='ltr'>habuit.</span> <span class='ocrx_word' id='word_1_220' title='bbox 769 2641 928 2711; x_wconf 77' lang='lat' dir='ltr'>Numquam</span> <span class='ocrx_word' id='word_1_221' title='bbox 1012 2669 1013 2676; x_wconf 22' lang='grc' dir='ltr'><strong>κ</strong></span> 
     </span>
     <span class='ocr_line' id='line_1_33' title="bbox 134 2707 929 2782; baseline 0.018 -26"><span class='ocrx_word' id='word_1_222' title='bbox 134 2707 207 2758; x_wconf 81' lang='lat' dir='ltr'>enlm</span> <span class='ocrx_word' id='word_1_223' title='bbox 224 2708 265 2762; x_wconf 89' lang='lat' dir='ltr'>ita</span> <span class='ocrx_word' id='word_1_224' title='bbox 285 2711 391 2779; x_wconf 81' lang='lat' dir='ltr'>docuit,</span> <span class='ocrx_word' id='word_1_225' title='bbox 412 2720 443 2765; x_wconf 85' lang='lat' dir='ltr'>nt</span> <span class='ocrx_word' id='word_1_226' title='bbox 463 2715 587 2780; x_wconf 85' lang='lat' dir='ltr'>magistri</span> <span class='ocrx_word' id='word_1_227' title='bbox 605 2729 750 2782; x_wconf 88' lang='lat' dir='ltr'>personam</span> <span class='ocrx_word' id='word_1_228' title='bbox 771 2717 929 2770; x_wconf 74' lang='lat' dir='ltr'>stistineret.</span> 
     </span>
    </p>
   </div>
   <div class='ocr_carea' id='block_1_12' title="bbox 0 0 1041 3028">
    <p class='ocr_par' dir='ltr' id='par_1_12' title="bbox 0 0 1041 3028">
     <span class='ocr_line' id='line_1_34' title="bbox 0 0 1041 3028; baseline 0 0"><span class='ocrx_word' id='word_1_229' title='bbox 0 0 1041 3028; x_wconf 95' lang='lat' dir='ltr'> </span> 
     </span>
    </p>
   </div>
  </div>
 </body>
</html>
