2044 3028
238 145 492 194 DOMITIANUS.
529 146 607 193 CAP.
627 149 649 193 9.
669 149 708 193 10.
824 146 875 199 dii

76 271 179 340 quibus
186 270 306 322 Ciuicam
313 271 452 322 Cerealem
463 272 491 323 in
502 272 650 339 ipsollsiae
661 272 872 338 proconsulatu3

76 346 265 415 Salvidienum
277 346 401 411 Orfitum,
411 347 529 398 Acilium
536 345 714 398 Glabrionem
724 348 753 398 in
764 348 872 411 exsilio,

78 423 159 489 quasi
174 421 317 473 molitores
332 437 465 474 novarum
480 439 583 474 rerum:
614 428 718 474 ceteros
733 422 873 473 levissima

78 512 213 565 quemque
224 497 257 548 de
269 513 365 548 causa:
384 497 491 549 Aelium
501 496 639 562 Lamiam,
656 499 692 549 ob
702 499 872 564 suspiciosos

79 571 201 638 quidem,
222 587 315 624 verum
330 580 357 625 et
370 579 474 625 veteres
495 580 522 624 et
535 573 664 624 innoxios
679 573 772 636 iocos3
798 572 872 638 quod

77 651 142 714 post
152 647 298 698 abductam
308 663 422 700 uxorem
433 648 559 699 laudanti
572 664 666 699 vocem
682 664 773 712 suam,
782 663 787 678 ’
797 643 872 693 sira·

78 722 141 779 κτῶ,
167 721 286 785 dixerat3
307 723 436 791 quodque
447 723 525 787 Tito,
536 721 660 774 hortanti
670 739 698 775 se
710 723 745 772 ad
756 722 871 772 alterum

79 797 292 862 matrimonium,
303 798 492 866 responderat,
503 793 539 860 μὴ
551 796 593 844 καὶ
603 793 632 845 σὺ
645 799 760 862 γαμῆσαι
770 795 869 856 ellare,

80 871 202 922 Salvium
214 872 409 937 Cocceianum,
425 872 499 940 quod
511 870 627 923 Othonis
637 873 812 938 imperatoris
822 887 871 938 pa-

77 946 133 996 trui
149 947 193 996 sui
210 946 281 998 diem
301 947 420 999 natalem
439 947 636 998 celebraverat:
660 947 775 998 Metium
790 947 871 997 Pom·

77 1021 235 1088 posianum,
251 1023 327 1089 quod
339 1021 440 1074 habere
449 1022 654 1088 imperatoriam
666 1022 777 1088 genesin
787 1021 870 1088 vulgo

76 1096 229 1160 serebatur,
252 1103 280 1147 et
293 1098 367 1167 quod
383 1098 520 1164 depictum
537 1097 629 1148 orbem
644 1103 734 1147 terrae
749 1097 778 1145 in
789 1109 870 1148 menr-

76 1170 184 1234 branis‚
197 1172 397 1239 concionesque
407 1187 500 1240 regum
514 1188 546 1223 ac
557 1173 655 1222 ducum
666 1187 699 1222 ex
710 1172 775 1222 'l'ito
787 1168 869 1221 Livio

78 1245 278 1310 circumferret,
306 1247 433 1316 quodque
457 1248 542 1298 servis
562 1248 675 1297 nomina
693 1246 822 1312 Magonis
843 1251 870 1296 et

76 1321 244 1372 Hannibalis
261 1322 419 1374 indidisset:
450 1322 610 1374 Sallustium
630 1321 790 1384 Lucullum,
810 1320 871 1370 Bri-

76 1397 189 1448 tanniae
199 1395 332 1463 legatum,
353 1398 427 1465 quod
443 1398 553 1449 lanceas
563 1412 651 1448 novae
662 1395 768 1448 lormae
779 1395 870 1464 appel-

76 1471 131 1522 lari
141 1470 289 1523 Luculleas
300 1489 397 1540 passus
408 1481 491 1524 esset:
512 1472 618 1524 lunium
629 1473 783 1536 Rusticum,
796 1471 870 1539 quod

77 1546 157 1598 Paeti
173 1545 313 1598 Thraseae
327 1555 354 1598 et
369 1549 491 1598 llelvidii
506 1547 595 1599 Prisci
613 1547 709 1599 laudes
729 1547 869 1609 edidisset,

15 1629 16 1636 ³
77 1620 297 1690 appellassetque
311 1638 360 1674 eos
373 1624 563 1675 sanctissimos
577 1623 665 1684 viros3
687 1623 764 1673 cuius
780 1623 870 1672 crimi-

15 1697 16 1708 ’
75 1698 119 1747 nis
145 1697 292 1748 occasione
316 1696 498 1764 philosophos
522 1714 615 1749 omnes
639 1699 711 1749 Urbe
733 1698 870 1766 ltaliaque

75 1772 233 1823 summovit.
273 1771 382 1822 Occidit
392 1779 419 1822 et
429 1772 586 1823 Helvidium
596 1773 682 1824 illium
689 1811 696 1837 ,
718 1774 798 1841 quasi
813 1788 869 1824 sce-

75 1848 138 1897 nico
155 1847 256 1898 exodio
272 1848 323 1897 sub
338 1862 456 1912 persona
470 1845 580 1896 Paridis
594 1854 622 1897 et
637 1847 763 1898 Oenones
778 1847 869 1899 divor-

75 1923 144 1971 tium
159 1937 238 1972 suum
254 1938 314 1972 cum
328 1937 415 1974 uxore
428 1927 563 1972 tarasset:
587 1921 712 1972 Flavium
728 1920 868 1986 Sabinum,
960 1918 962 1922 ’

76 1997 192 2047 alterum
205 2013 219 2048 e
230 1997 414 2063 patruelibus,
430 1997 504 2065 quod
515 2012 574 2047 eum
588 1997 760 2048 comitiorum
773 2012 869 2048 consu-

74 2072 175 2122 larium
188 2071 232 2122 die
242 2072 419 2137 destinatum,
440 2087 581 2141 perperam
596 2086 696 2137 praeco
706 2086 762 2122 non
773 2087 870 2123 consu-

75 2145 129 2196 lem
150 2145 185 2197 ad
205 2147 350 2214 populum,
371 2149 419 2198 sed
438 2149 630 2214 imperatorem
650 2148 869 2213 pronunciasset.

75 2220 177 2272 Verum
189 2221 331 2290 aliquanto
347 2229 411 2290 post
421 2223 510 2273 civilis
520 2222 587 2273 belli
596 2222 740 2272 victoriam
752 2224 868 2287 saevior,

74 2296 222 2364 plerosque
233 2296 320 2363 partis
337 2298 478 2360 adversae,
501 2297 563 2348 dum
578 2298 661 2348 etiam
676 2298 791 2349 latentes
807 2314 869 2350 con·

75 2371 149 2422 scios
164 2371 324 2438 investigat,
345 2389 417 2424 novo
433 2374 603 2440 quaestionis
617 2388 715 2439 genere
735 2373 868 2439 distorsit,

72 2447 199 2497 immisso
214 2461 264 2512 per
278 2448 396 2500 obscena
410 2447 486 2515 igne3
511 2448 650 2499 nonnullis
665 2454 692 2498 et
706 2464 801 2500 manus
813 2465 869 2500 am-

72 2521 190 2588 putavit.
230 2520 358 2590 Satisque
369 2529 490 2586 constat,
513 2523 582 2574 duos
597 2522 673 2574 solos
689 2525 869 2577 enotioribus

72 2596 155 2647 venia
166 2595 294 2662 donatos,
299 2598 438 2649 tribunum
450 2598 626 2662 laticlaviam,
634 2604 660 2648 et
670 2599 868 2652 centurionems

74 2671 176 2738 quise,
189 2687 243 2738 quo
255 2670 365 2725 lucilius
377 2679 500 2741 expertes
512 2674 608 2740 eulpae
620 2674 805 2741 ostenderent,
819 2675 870 2728 im.
