2026 3020
218 190 354 244 rubrus
379 187 534 244 cassan.
573 199 648 242 cnr.
669 200 784 246 ss-ss
865 193 897 250 31

99 323 185 374 venit.
227 322 362 389 Epistolae
382 337 492 390 quoque
513 323 571 374 eius
592 323 628 373 ad
646 332 765 376 senatum
779 331 896 389 exstant,

100 413 171 465 quas
182 397 286 464 primns
296 397 405 448 videtur
416 397 452 447 ad
462 398 578 464 paginas
589 403 616 449 et
625 396 742 450 iornram
753 401 897 452 memoria-

99 473 134 523 lis
146 472 237 524 libelli
247 473 425 534 convertisse,
448 487 529 539 quum
545 479 627 524 antea
639 474 765 525 eonsules
775 480 803 525 et
813 474 896 526 duces

99 547 214 598 nonnisi
232 553 389 600 transversa
411 545 506 598 charta
525 549 664 600 mitterent
678 550 803 616 scriptas.
842 549 895 598 Ex·
924 561 930 580 ·

23 641 25 645 ¹
100 629 175 674 stant
186 623 259 674 etad
269 621 433 683 Cicerones,
453 622 518 672 item
530 624 566 672 ael
572 622 726 692 familiares
737 623 896 675 domesticis

100 697 238 748 derebus:
249 697 279 747 in
291 698 389 764 quibus
401 697 425 745 si
436 710 490 762 qua
501 697 895 765 occultiusperierendaeraut,

99 788 149 838 per
159 779 240 822 notas
252 773 375 838 scripsit,
390 771 485 834 idest,
501 773 542 821 sic
553 777 656 823 structo
670 774 809 824 literarum
822 774 895 824 ordi-

100 863 146 910 ne,
162 855 194 897 ut
208 847 313 896 nullum
327 847 439 896 verbum
455 847 526 896 effici
541 854 645 912 posset:
667 863 738 914 quae
748 851 773 898 si
783 850 845 916 quis
854 849 895 898 in·
933 860 936 866 '

99 923 237 988 vestigare
248 927 275 972 et
284 921 412 987 persequi
421 920 500 984 velit,
517 928 642 986 quartam
658 922 852 974 elementorum
864 923 896 972 li-

99 1004 196 1060 teram,
207 997 237 1046 id
249 1003 301 1058 est,
313 997 389 1062 dpro
402 1010 431 1058 a,
447 1001 474 1046 et
484 995 596 1060 perinde
607 995 728 1062 reliquas
739 1003 895 1048 commutet.

100 1071 238 1122 Feruntur
254 1078 280 1121 et
296 1086 311 1120 a
326 1085 411 1136 puero
432 1076 460 1120 ct
479 1070 513 1118 ab
535 1069 740 1120 adolescentulo
762 1072 896 1137 quaedam

100 1148 214 1212 scripta,
226 1153 257 1196 ut
266 1145 370 1194 Laudes
381 1143 511 1205 Herculis,
529 1144 668 1213 tragoedia
680 1141 807 1212 Oedipus,
829 1147 893 1196 item

101 1219 185 1272 Dicta
204 1223 369 1271 collectanea.
410 1220 486 1280 eros
502 1234 595 1270 omnes
615 1219 724 1270 libellos
744 1221 832 1270 vetuit
844 1221 896 1269 hu-

99 1303 197 1361 gustus
208 1295 344 1362 publicari
355 1295 383 1343 in
394 1293 524 1359 epistola,
536 1309 617 1360 quam
628 1296 736 1346 brevem
749 1297 895 1346 admodum

101 1385 134 1420 ac
144 1371 298 1436 simplicem
305 1369 345 1418 ‘ad
355 1369 515 1434 Pompeium
526 1369 659 1432 Macrum,
672 1371 717 1420 cui
728 1371 896 1421 ordinandas

101 1443 285 1495 bibliothecas
296 1443 477 1508 delegaverat,
488 1443 572 1494 misit.

156 1518 243 1569 LVll.
264 1520 407 1568 Armorum
423 1524 449 1568 ct
463 1519 605 1584 equitandi
614 1519 806 1585 peritissimus,
818 1519 895 1569 labo·

100 1596 139 1645 ris
150 1595 226 1644 ultra
236 1593 316 1644 iidem
327 1593 434 1659 patiens
445 1600 513 1644 erat.
541 1593 571 1642 ln
583 1595 690 1660 agmine
701 1609 896 1659 nonnunquam

101 1685 187 1736 equo,
203 1669 313 1734 saepius
324 1667 439 1734 pedibus
451 1667 585 1731 anteibat,
606 1670 696 1736 capite
708 1669 828 1731 detecto,
848 1683 897 1717 seu

101 1745 143 1795 sol
159 1759 209 1794 seu
221 1743 311 1794 imber
330 1747 409 1793 esset.
449 1741 639 1807 Longissimas
659 1745 720 1794 vias
739 1743 897 1794 incredibili

102 1819 243 1870 eeleritate
255 1816 385 1879 coniecit,
402 1817 545 1882 expeditus
550 1855 557 1879 ,
573 1819 716 1868 meritoria
726 1817 823 1881 rheda,
836 1833 896 1867 cen-

101 1899 167 1944 tena
176 1908 310 1959 passuum
321 1891 408 1942 millia
418 1891 447 1948 in
458 1890 582 1956 singulos
594 1891 664 1942 dies:
680 1893 706 1941 si
716 1891 829 1942 flumina
839 1906 897 1941 mo-

100 1974 241 2031 rarentur,
256 1967 348 2018 nando
359 1966 514 2028 traiiciens‚
529 1965 573 2015 vel
583 1966 694 2015 innixus
709 1965 813 2016 inflatis
829 1965 896 2014 utri-

100 2045 162 2106 bus,
174 2049 206 2092 ut
216 2058 298 2108 saepe
308 2041 425 2092 nuncios
437 2037 509 2091 de'se
520 2040 700 2106 praevenerit.

158 2117 257 2170 LVlll.
278 2117 309 2166 lu
321 2115 453 2166 obeundis
465 2114 686 2182 expeditionibus
697 2115 822 2178 dubium,
835 2131 896 2166 cau.

100 2193 208 2244 tiaran
224 2192 378 2242 audentior.
417 2191 574 2241 Exercitum
594 2207 681 2257 neque¹
700 2208 748 2258 per
762 2191 898 2241 insidiosa

100 2269 203 2318 itinera
214 2268 293 2316 duxit
301 2281 435 2332 uuquam,
445 2265 500 2315 nisi
509 2267 716 2332 perspeculatus
727 2267 850 2316 locorum
862 2266 897 2313 si-

100 2350 159 2392 tus:
180 2343 307 2408 usquein
318 2341 489 2391 Britanniam
500 2342 660 2404 transvexit,
671 2341 726 2391 nisi
737 2346 800 2390 ante
810 2353 859 2405 per
870 2352 898 2385 se

101 2424 200 2484 portus
216 2422 244 2468 et
256 2416 460 2482 navigationem
476 2421 503 2466 et
518 2431 657 2466 accessum
674 2417 708 2465 ad
723 2413 841 2464 insulam
853 2425 898 2460 ex-

100 2491 250 2559 plorasset.
290 2492 325 2542 at
337 2491 423 2552 idem,
446 2490 606 2541 obsessione
622 2497 775 2540 castrorum
791 2488 819 2536 in
830 2484 898 2534 Ger-

74 2573 78 2580 '
100 2569 197 2618 mania
207 2566 352 2629 nunciata,
363 2581 412 2632 per
423 2565 557 2616 stationes
568 2564 688 2614 hostium
701 2562 809 2611 Gallico
821 2557 898 2608 habi-

99 2650 131 2694 tu
151 2641 309 2710 penetravit
329 2641 364 2690 ad
379 2655 453 2690 suos.
492 2641 515 2688 Α
529 2638 679 2690 Brundisio
696 2632 900 2702 Dyrrhachium
987 2617 997 2640 ⁵

100 2717 172 2770 iuter
189 2716 334 2786 oppositas
351 2715 452 2766 classes
463 2711 551 2766 hieme
562 2713 722 2764 transmisit.
763 2708 899 2762 cessanti·
