2036 3022
274 249 404 303 esriel.
442 249 639 304 eane-12.
804 225 857 308 'ati

44 369 133 432 bello¹
144 374 296 446 delegerat,
317 388 441 449 repertus
457 386 499 432 est
510 379 631 433 anmrlus'
637 394 719 451 opere
731 381 856 451 antiquo,

46 455 200 522 sculptura
220 467 343 522 gernmae
362 456 516 508 Victoriam
539 473 600 508 cum
622 463 740 524 tropaeo
767 457 858 523 expri-

46 535 156 582 mente.
195 530 234 580 Ae
258 531 373 584 subinde
393 532 580 584 Alexandrina
603 534 682 584 navis
706 531 856 598 Dertosam

48 604 178 673 appulit,
194 606 278 656 arrnis
289 614 400 673 onusta,
415 609 474 660 sine
484 609 682 676 gubernatore,
704 608 859 658 sinenauta
947 646 950 650 .
997 635 998 644 κ

50 697 87 732 ac
98 685 212 732 vectore
231 681 303 744 ullo,
327 688 359 732 ut
378 684 481 733 nemini
506 683 619 734 dubium
646 688 730 746 esset,
755 675 857 732 iustum

49 757 189 824 piumque
200 761 227 805 et
236 755 392 807 laventibus
407 757 461 807 diis
471 757 572 808 bellum
585 759 702 826 suscipi;
723 773 806 825 quum
817 773 859 807 re·

50 836 141 899 pente
150 843 183 881 ex
194 829 339 898 inopinato
349 846 437 898 prope
449 838 547 882 cuncta
560 834 673 884 turbata
684 839 756 883 sunt.
795 831 858 882 Ala-

52 921 119 957 rum
132 905 220 955 altera
230 908 328 957 castris
341 907 792 975 appropinquantem,poenitentia
802 923 859 956 nru-

52 981 110 1031 tati
122 979 302 1046 sacramenti,
319 980 467 1033 destituere
483 988 585 1032 conata
596 989 650 1045 est,
672 996 808 1048 aegreque
818 997 860 1030 re-

53 1056 176 1107 tentain
187 1056 294 1107 officio:
316 1063 343 1108 et
353 1058 438 1121 servi,
460 1072 529 1125 quos
545 1071 562 1107 a
578 1057 677 1107 liberto
690 1056 809 1106 Neronis
825 1055 859 1104 etl

55 1130 186 1182 fraudem
197 1138 377 1200 praeparatos
388 1133 494 1183 muneri
506 1123 658 1200 acceperat,
670 1144 721 1198 per·
731 1130 860 1196 angipor7

56 1215 116 1258 tom
128 1205 158 1255 in
168 1205 268 1256 balnea
277 1213 463 1259 transeuntem
474 1223 561 1276 paene
575 1208 786 1266 interemerunt3
806 1203 860 1254 nisi

57 1279 273 1333 cohortantibus
292 1282 422 1347 invicem,
442 1299 476 1334 ne
498 1283 673 1334 occasionem
695 1281 860 1342 oblitterent,

58 1357 308 1425 interrogatisque,
330 1357 363 1408 de
375 1373 430 1426 qna
445 1359 592 1409 occasione
603 1354 794 1424 loquerentur,
816 1369 861 1406 ex-

58 1447 157 1502 pressa
167 1433 292 1482 cruciatu
302 1431 440 1485 confessio
452 1440 531 1485 esset.

116 1505 166 1558 Xl.
187 1507 310 1558 Accessit
324 1507 359 1558 ad
373 1513 453 1560 tanta
468 1508 629 1560 discrimina
639 1523 714 1561 mors
724 1505 861 1568 Vindicis,

60 1597 117 1651 qua
127 1582 248 1634 maxime
259 1589 462 1648 consternatus,
478 1584 667 1652 destitutoque
677 1581 790 1645 similis,
806 1595 861 1631 nou

60 1657 177 1710 mrdtum
190 1655 272 1721 afuit,
288 1659 353 1724 quin
363 1660 437 1710 vitae
447 1660 630 1711 renunciaret.
670 1657 723 1710 Sed
735 1671 860 1724 supervos

60 1732 202 1784 aientibus
214 1732 248 1783 ab
259 1733 332 1784 Urbe
341 1735 458 1797 nunciis,
470 1741 501 1784 ut
511 1736 631 1786 occisum
639 1733 786 1797 Neronem,
798 1748 862 1784 cun·

62 1814 181 1874 ctosque
188 1808 218 1857 iu
228 1807 313 1859 verba
323 1823 374 1860 sua
384 1809 491 1860 iurasse
507 1810 650 1876 cognovit,
672 1809 801 1876 deposita
812 1805 862 1856 Le·

60 1882 127 1952 gaii
145 1883 268 1950 srrscepit
287 1882 409 1935 Caesaris
430 1883 654 1952 appellationem.
692 1881 803 1950 iterque
822 1883 863 1932 in.-

62 1963 228 2026 gressusest
237 1959 394 2026 paludatus,
401 1975 433 2009 ac
444 1959 612 2025 dependente
624 1974 640 2008 a
652 1957 804 2008 cervicibus
815 1971 862 2022 pu-

63 2035 148 2102 gione
163 2039 226 2084 ante
239 2039 347 2100 peetus3
371 2049 422 2085 nec
436 2033 513 2102 prius
528 2047 608 2086 usum
623 2041 705 2100 togae
719 2045 863 2096 recupera·

62 2111 113 2172 vit,
120 2123 201 2175 quam
213 2109 360 2177 oppressis,
373 2111 421 2177 qui
430 2123 517 2161 novas
527 2125 571 2160 res
581 2109 776 2171 moliebantur,
786 2121 864 2176 prae-

64 2184 139 2235 fecto
160 2185 294 2251 praetorii
308 2182 478 2251 Nymphidio
495 2184 598 2237 Sabino
613 2185 731 2248 Romae,
751 2183 781 2235 in
797 2179 864 2232 Ger-

65 2259 160 2309 mania
173 2259 291 2311 Fonteio
309 2259 456 2326 Capitone,
477 2261 506 2310 in
523 2260 617 2311 Africa
637 2259 736 2311 Clodio
756 2257 864 2318 Macro,

66 2335 175 2402 legatis.

124 2408 185 2460 xli.
205 2407 442 2478 Praecesseratude
454 2423 486 2460 eo
502 2410 578 2462 faura
589 2410 721 2462 saevitiae
732 2405 814 2458 simul
826 2411 865 2454 at·

69 2497 128 2552 qne
142 2485 290 2554 semdae:
316 2485 391 2554 quod
407 2483 532 2536 cimbates
543 2485 743 2552 Hispaniarum
760 2477 866 2554 Gallia-J

68 2563 191 2631 rumque,
203 2572 274 2628 quae
285 2560 457 2611 cunctantius
469 2559 524 2610 sibi
536 2564 720 2623 accesserant,
732 2555 867 2624 graviori·

68 2637 121 2688 bus
130 2635 254 2700 tributis,
276 2636 410 2703 quasdam
424 2635 508 2686 etiam
525 2645 665 2686 murorum
681 2630 868 2684 destructione

67 2711 209 2781 punissete
228 2716 255 2762 et
263 2711 444 2778 praepositos
459 2711 708 2778 procuratoresque
728 2701 867 2778 supplicio

69 2787 172 2858 eapitis
181 2777 318 2838 affecisset
330 2801 389 2840 cum
402 2779 565 2856 conir'rgibu's
577 2801 609 2839 ac
620 2785 728 2850 liberis3
740 2776 869 2854 quodque

852 2909 889 2956 A
