2050 3034
130 265 131 268 ¹
154 236 204 288 1⁷2
434 237 461 282 G.
485 234 673 283 SUETONH

153 361 261 416 diarum
271 377 373 426 serens,
385 360 506 413 decimas
515 359 650 411 maturius
661 357 760 424 dabat,
770 363 803 411 ut
812 360 957 427 equestria

153 439 188 491 ab
202 439 297 490 intimo
314 451 423 505 qnoque
444 440 652 504 occuparentur.
690 433 872 488 Gladiatoria
892 451 954 488 mu-

151 529 228 578 nere,
253 514 374 565 reductis
398 512 535 564 interdum
554 509 770 578 flagrantissimo
792 509 853 562 sole
871 511 952 577 velis,
1009 531 1010 584 x

151 589 240 640 emitti
250 603 414 656 quemquam
428 588 551 638 vetabat:
571 589 734 653 remotoque
745 585 891 638 ordinario
903 603 952 654 ap·

150 669 264 732 paratu,
275 662 381 714 rabidis
395 661 462 712 ieris
476 660 627 712 vilissimos
637 660 715 712 senio
728 660 880 724 coniectos,
891 661 950 728 gla-

150 739 272 790 diatores
283 751 393 804 qnoque
402 751 557 804 pegmaree,
573 741 665 804 patres
675 733 846 788 familiarum
856 741 949 801 notos,

150 813 198 865 sed
207 813 329 879 insignes
344 812 487 865 debilitate
502 813 597 880 aliqua
612 811 751 878 corporis,
772 811 948 863 subiiciebat.

149 890 188 938 Ac
197 902 406 956 nonnunquam,
429 886 535 939 horreis
545 886 710 955 praeclusis,
731 885 835 954 populo
847 886 949 940 famem

148 963 257 1014 indixit.

204 1037 317 1089 xxvxi.
330 1038 590 1104 Saemtiamingenii
599 1034 721 1104 perhaec
731 1036 947 1090 maximeesten-

149 1113 198 1165 dit.
239 1113 329 1174 Quum
340 1114 376 1164 ad
386 1115 510 1180 saginam
521 1113 641 1164 ferarum
652 1112 759 1164 muneri
768 1118 947 1180 praeparata-

147 1203 208 1240 rum
220 1189 312 1240 carim
322 1189 440 1256 pecudes
451 1193 685 1254 compararentur,
691 1201 725 1239 ex
735 1187 828 1239 noxiis
839 1187 947 1240 lanian·

148 1264 199 1316 dos
211 1266 366 1316 annotavit:
387 1270 414 1315 et
428 1263 616 1314 custodiarum
627 1263 725 1314 seriem
735 1275 947 1329 recognoscens,

147 1338 251 1388 nullius
260 1340 384 1406 inspecto
395 1339 497 1405 elogio,
509 1344 586 1389 stans
596 1337 788 1390 tautummodo
798 1338 874 1390 intra
884 1354 947 1405 por-

147 1414 232 1464 ticum
252 1414 384 1478 mediam,
407 1429 424 1464 a
439 1413 517 1465 calvo
534 1413 571 1464 ad
586 1411 692 1464 oalmxm
709 1413 773 1466 duoi
790 1414 947 1480 imperavit.

148 1486 250 1540 Votum
261 1490 353 1556 exegit
364 1491 398 1541 ab
409 1505 441 1540 eo
448 1489 516 1556 ,qui
525 1503 576 1556 pro
588 1488 677 1540 salute
688 1503 739 1540 sua
749 1488 948 1555 gladiatoriam

150 1579 262 1631 operam
272 1565 450 1632 promiserat,
471 1565 659 1630 spectauitque
668 1562 742 1615 ferro
755 1563 946 1627 dimicantem

148 1653 200 1688 nec
208 1639 315 1690 dimisit
323 1640 379 1690 nisi
388 1640 530 1702 victorem,
543 1644 570 1690 et
579 1645 645 1707 post
654 1639 755 1690 multas
765 1655 872 1707 preces.
902 1640 946 1690 Al-

147 1718 249 1776 terum,
270 1713 318 1782 qni
329 1729 357 1764 se
368 1715 519 1781 periturum
535 1729 568 1766 ea
584 1714 617 1764 de
634 1729 719 1766 causa
732 1720 861 1778 voverat,
884 1731 946 1766 cun·

149 1793 267 1839 stantem
281 1789 374 1855 pueris
387 1789 517 1851 tradidit3
541 1790 718 1842 verberatum
732 1788 945 1859 infulatumque,

146 1868 241 1914 votum
251 1870 438 1931 reposcentes,
453 1881 502 1934 per
511 1865 589 1916 vicos
601 1870 724 1931 agerent,
736 1865 829 1932 quoad
840 1867 947 1933 praeei-

146 1939 282 2005 pitaretur
292 1955 326 1992 ex
337 1955 444 2008 aggere.
483 1940 588 1992 Multos
599 1938 708 1991 honesti
719 1940 825 1992 ordinis
832 1969 846 2004 ,ι
855 1941 947 1993 defor-

146 2020 238 2068 matos
247 2015 324 2082 prius
335 2017 493 2084 stigmatum
504 2016 592 2077 notis,
609 2015 644 2064 ad
654 2015 767 2066 metalla
778 2021 805 2066 et
814 2017 947 2068 munitio-

146 2104 195 2142 nes
204 2091 310 2142 riarum
323 2098 371 2143 aut
386 2092 421 2142 ad
434 2091 540 2142 bestias
554 2089 759 2154 condemnavit,
781 2095 830 2142 ant
844 2092 947 2142 bestia-

146 2178 206 2214 rum
223 2181 299 2216 more
314 2164 505 2232 quadrupedes
520 2177 605 2216 eavea
619 2166 754 2229 coercuit,
776 2172 824 2216 aut
839 2167 948 2218 medios

148 2253 224 2290 serra
239 2239 378 2292 dissecuit.
417 2239 476 2291 Nec
491 2255 584 2290 omnes
599 2241 730 2307 gravibus
744 2256 778 2293 ex
790 2242 893 2305 causis,
903 2255 948 2292 ve-

147 2329 207 2366 rum
217 2314 328 2367 malede
337 2330 448 2367 munere
459 2330 509 2366 suo
522 2315 660 2381 opinatos,
666 2315 710 2366 vel
721 2316 796 2383 quod
805 2331 948 2384 nimquam

147 2405 196 2456 per
212 2388 328 2442 Genium
343 2405 422 2444 suum
438 2391 615 2444 deierassent.
654 2389 787 2442 Parentes
807 2393 947 2460 supplicio

148 2464 268 2518 tiliorum
278 2466 410 2519 interesse
421 2466 546 2533 cogebat.
569 2466 692 2527 Quorum
702 2465 947 2518 uniraletudinem

146 2542 289 2592 excusanti
299 2541 425 2594 lecticam
435 2542 524 2594 misit:
544 2540 630 2592 alium
641 2557 656 2592 e
667 2541 825 2607 spectaculo
838 2557 947 2608 poenae

145 2614 235 2680 epulis
245 2617 338 2670 statim
350 2617 488 2681 adhibuit,
505 2622 587 2684 atquc
598 2617 674 2668 omni
685 2617 816 2668 comitate
827 2617 863 2668 ad
875 2615 947 2670 hila-

146 2689 256 2740 ritstem
271 2698 298 2742 et
312 2692 390 2744 iocos
405 2693 577 2761 provocavit.
621 2691 781 2744 Curatorem
801 2707 947 2744 munerum

148 2766 378 2832 advenerimus,
400 2785 448 2835 per
462 2769 608 2822 continuos
623 2768 682 2822 dies
691 2769 721 2820 in
732 2772 884 2836 conspeetu
894 2783 946 2820 suo
