2050 3034
284 189 475 282 usuuurus,
510 223 723 270 esum-23.
853 226 902 274 127

99 343 310 416 cirfortissimc,
322 351 349 395 et
358 345 411 395 siaa
420 339 594 402 νομιμώτατε,
609 342 681 395 Vale.
719 345 763 408 Et,
777 343 902 399 Ordinem

97 419 261 470 aestivorum
272 420 391 470 taoraml
419 418 482 488 Ego
492 435 565 481 mro,
581 418 619 470 mi
632 416 735 480 atteri,
747 429 773 470 et
783 419 853 471 inter
863 431 902 474 tot

97 509 190 546 rerum
206 493 391 565 difficultates,
411 493 454 541 nal
467 489 600 558 τοσαύτην
614 491 812 560 intentaverit
822 492 900 559 στρα-

96 566 257 626 τευομένων,
275 585 326 620 non
338 567 455 634 potuisse
469 583 624 636 quemquam
635 567 794 636 prudentius
806 585 901 638 gerere

96 659 132 706 se,
146 642 401 712 crocomagmatis,
415 639 544 694 existimo.
583 641 624 694 Hi
633 659 746 710 quoqne,
759 643 806 710 qai
816 653 900 696 tecnon

88 717 223 790 filerunt,
245 731 332 769 onenes
347 717 519 788 confitentur,
540 733 641 768 versum
656 718 729 770 illurn
743 717 772 770 ia
785 727 812 770 te
822 735 900 786 posse

95 792 165 846 diei:

197 865 269 918 Unus
279 866 355 917 horreo
366 865 440 917 nobis
450 865 583 935 uigilando
594 866 713 918 restituit
721 883 784 930 reste,

94 969 135 980 -
147 941 208 992 Sioe'
219 941 283 1007 quiet
290 940 393 1002 incidit,
406 941 437 991 de
447 956 497 1006 quo
508 940 545 992 sit
553 941 724 1008 cogitandam
735 941 896 1009 diligentiae,

96 1015 151 1067 siae
167 1015 232 1082 quid
244 1015 405 1077 stomachor,
426 1015 513 1077 ratde,
535 1014 634 1066 medius
641 1013 739 1084 fidius,
764 1013 898 1068 Tiberium

97 1107 183 1142 onerem
194 1090 311 1142 desidero
316 1105 329 1151 ,⁶
349 1089 530 1154 succurritque
540 1104 627 1140 ocrem
638 1088 680 1140 ille
691 1087 860 1142 Homericus:

156 1165 180 1211 T
180 1160 262 1212 citou
273 1161 463 1224 δ’ἑσπομένοιο,
475 1161 519 1212 nai
528 1159 554 1211 iu
565 1159 649 1230 πυρὸς
659 1157 815 1222 αἰθομᾶνὸιο

111 1304 114 1310 Ι
150 1236 244 1299 Ἄμφω
255 1235 434 1303 νοστήσαιμεν,
444 1236 500 1288 ἐπεὶ
510 1237 571 1304 πέρι
581 1227 633 1288 οἶδε
643 1239 744 1302 νοῆσαι.

94 1343 135 1353 —-
150 1316 327 1367 Attenuatum
348 1323 437 1365 teesse
457 1313 655 1365 continuatione
680 1313 798 1364 latorum
818 1327 897 1380 quum

97 1389 179 1441 antlia
190 1399 215 1442 et
226 1391 283 1458 lego
288 1425 297 1452 ‚
312 1387 364 1440 Dii
373 1405 413 1439 nte
419 1389 547 1454 perdam,
569 1388 622 1439 nisi
632 1387 794 1440 cohorrescit
803 1404 896 1456 corpas

97 1481 197 1516 roceam:
219 1473 294 1530 teque
304 1480 382 1532 rogo,
400 1471 534 1530 utparcas
546 1462 607 1524 tili,
630 1480 674 1527 ne,
691 1462 716 1514 si
728 1473 753 1515 te
769 1466 896 1534 languere

98 1537 269 1600 audierimus,
281 1547 308 1589 et
317 1555 366 1607 ego
377 1547 404 1588 et
413 1546 498 1589 mater
508 1547 555 1590 tua
567 1537 737 1604 exspiremus,
750 1547 777 1589 et
786 1539 817 1590 te
827 1555 895 1588 raros-

97 1628 145 1664 rna
159 1611 261 1680 imperii
279 1613 322 1664 sui
336 1614 448 1680 populas
461 1613 597 1664 Romanas
606 1612 781 1680 periclitetur.
822 1611 899 1663 Niltll

97 1688 220 1752 interest,
241 1689 342 1740 caleam
355 1687 410 1755 ὁμο
423 1705 515 1751 rrecrte,
536 1688 560 1739 si
575 1696 603 1739 tu
618 1705 669 1740 non
679 1686 784 1740 antelis.
823 1685 896 1738 Deos

97 1764 216 1827 obsecro,
237 1772 269 1815 ut
278 1771 303 1814 te
313 1762 386 1814 nolis
400 1772 562 1826 conservent,
584 1772 610 1815 et
619 1765 705 1814 calere
714 1779 783 1815 nanc
794 1771 819 1814 et
830 1779 892 1814 serot-

60 1899 65 1907 Ι
90 1837 300 1906 perpoliuntur,
312 1837 335 1888 si
345 1855 396 1889 non
402 1840 527 1904 populum
537 1836 686 1888 Romanum
692 1837 783 1902 perosi
792 1847 861 1888 stent.

152 1913 241 1964 xxu.
261 1913 410 1964 Excessum
420 1912 539 1978 Augusti
551 1926 607 1962 non
622 1912 698 1977 prius
713 1911 805 1976 palam
820 1909 894 1972 lecit,

95 2004 179 2058 quam
197 1987 320 2056 Agrippa
338 1989 435 2038 iuvene
455 1987 628 2050 interempto.
667 1983 751 2034 Hunc
768 1985 895 2034 tribunus

94 2063 215 2113 militum
238 2068 330 2112 custos
352 2062 495 2130 appositus
517 2059 631 2123 occidit,
654 2059 732 2110 lectis
748 2057 894 2120 codicillis,

94 2139 208 2207 quibus,
229 2143 261 2187 ut
270 2137 300 2186 id
314 2136 430 2199 faceret,
451 2136 605 2188 iubebatur.
647 2133 723 2195 Quos
740 2132 893 2201 codicillos,

94 2212 208 2264 drcbium
229 2211 294 2275 fuit,
316 2213 488 2278 Augustusne
507 2210 626 2261 moriens
645 2209 815 2278 reliquisset,
838 2224 893 2277 quo

93 2289 239 2338 materiam
255 2285 388 2350 tumultus
402 2292 467 2353 post
480 2301 509 2337 se
529 2285 705 2347 subduceret,
728 2299 763 2334 an
782 2284 893 2334 nourinc

92 2363 212 2429 ,ingusti
221 2361 318 2425 livia,
336 2367 363 2412 et
373 2375 419 2424 ea,
436 2361 547 2412 conscio
559 2360 673 2411 Tiberio
687 2374 722 2408 an
731 2359 840 2424 ignaro,
853 2355 893 2404 di-

94 2443 205 2489 ctasset.
246 2435 375 2488 Tiberius
386 2435 558 2486 renrrncianti
572 2435 698 2496 tribuno,
718 2431 822 2482 factrun
834 2443 892 2479 esse

93 2511 169 2582 quod
178 2513 356 2578 imperasset,
377 2524 459 2575 neque
473 2507 613 2574 inoperasse
627 2524 665 2569 re,
689 2513 716 2556 et
728 2502 893 2554 redditurum

93 2603 151 2638 eam
162 2585 269 2638 senatui
278 2584 419 2645 rationem,
436 2583 590 2649 respondit,
605 2579 738 2631 invidiam
749 2576 855 2626 scilicet
864 2576 894 2623 iu

92 2662 253 2730 praeseutia
262 2661 362 2712 vitans.
383 2658 454 2710 Nam
465 2671 530 2707 mou
540 2654 650 2704 silentio
662 2667 718 2702 rem
725 2647 892 2699 obliteravit.

148 2735 252 2790 xxut.
272 2735 335 2786 Iure
351 2739 442 2785 cirtem
456 2729 622 2781 tribuniciae
636 2723 782 2793 potestatis
794 2727 892 2772 coacto
