2036 3022
108 279 158 332 23⁰
260 302 262 310 ·
388 283 413 328 ll.
439 277 626 328 suuroun

108 406 179 460 Urbi
197 420 277 456 sacro
297 401 477 470 Latinarum,
498 404 682 457 celeberrimis
700 403 828 473 patronis
847 417 906 456 nou

107 481 308 544 translaticias,
319 485 350 532 ut
361 481 475 545 assolet,
487 486 514 532 et
523 482 628 545 breves,
639 480 690 532 sed,
698 479 834 533 maximas
843 479 904 549 plu-

107 557 245 624 rimusque
255 555 456 623 postulationes
462 557 587 607 certatim
596 555 797 622 ingerentibus3
808 571 903 623 quam-

106 633 149 683 vis
168 630 343 682 interdictum
363 646 380 680 a
400 631 516 682 Claudio
528 637 608 698 esset.
652 631 710 682 Nec
729 631 817 682 multo
838 635 904 699 post

109 706 188 758 duxit
197 721 315 769 ¹uuorem
331 705 490 769 Octaviam
511 701 651 774 ediditque
665 721 715 775 pro
733 705 903 758 (1111111111-

86 821 89 826 .
107 781 164 832 lute
176 781 316 833 Circenses
326 785 353 830 et
362 781 545 832 venationem.

164 854 236 906 Vlll.
257 854 455 923 Septemdecim
474 862 555 908 natus
576 871 676 920 annos,
692 863 724 908 ut
738 856 772 908 de
784 855 903 908 Claudio

107 929 200 999 palam
213 929 316 982 factum
331 935 383 994 est,
398 931 469 981 inter
479 929 576 982 horem
589 943 695 982 sextam
704 933 905 1001 septimamque

108 1005 244 1074 processit
254 1005 290 1055 ad
300 1006 485 1070 excubitores,
501 1023 585 1074 quum
596 1007 631 1058 ob
642 1007 729 1059 totius
740 1004 904 1059 (1111111111-

109 1091 164 1132 tem
184 1097 239 1132 non
260 1080 344 1132 aliud·
357 1081 520 1148 auspicandi
537 1087 645 1148 tempus
668 1081 905 1134 accommodatius
1002 1087 1003 1090 ’

109 1156 266 1218 1111111111;
290 1171 395 1224 proque
409 1154 512 1206 Palatii
525 1155 657 1222 gradibus
676 1157 821 1224 imperator
840 1173 905 1208 con·

112 1231 259 1294 salutatus,
275 1230 374 1282 lectica
383 1231 412 1280 in
424 1237 523 1294 castra,
535 1236 562 1281 et
571 1230 635 1282 inde
645 1232 747 1299 raptim
758 1231 906 1300 appellatis

111 1305 246 1356 militibus
265 1306 293 1356 in
314 1307 417 1358 curiam
438 1303 545 1356 delatus
564 1312 624 1369 est3
649 1306 830 1375 discessitque
849 1307 906 1358 iam

111 1381 230 1447 vesperi,
253 1395 285 1430 ex
295 1381 447 1444 immensis,
465 1380 563 1446 quibus
574 1379 778 1448 cumulabatur,
794 1380 902 1434 honori-

113 1455 177 1518 bus,
191 1459 299 1505 tnntum
305 1454 394 1520 patris
399 1454 508 1521 patriae
517 1456 626 1508 nomine
637 1463 778 1521 recusato,
793 1463 908 1526 propter

113 1535 239 1580 aetatem.

157 1604 216 1660 ¹IX.
238 1604 322 1654 Orsus
332 1602 395 1654 hinc
407 1620 423 1654 a
433 1605 545 1672 pietatis
556 1606 750 1670 ostentatione,
762 1604 908 1658 Claudium

114 1679 326 1747 apparatissimo
347 1677 441 1730 funere
456 1679 558 1732 eletrrm
578 1679 703 1732 laudavit
723 1681 907 1734 consecravit-

97 1768 175 1818 que.
217 1751 368 1804 Memoriae
389 1753 507 1806 Domitii
525 1756 613 1822 petris
631 1753 751 1808 honores
771 1758 908 1808 maximos

113 1826 218 1878 hebuit.
256 1827 342 1878 Matri
355 1843 488 1880 summam
499 1830 620 1883 omnium
634 1832 908 1900 rerumpublicarum

113 1904 335 1970 privatanrmque
355 1905 488 1970 permisit.
527 1903 620 1958 Primo
641 1906 851 1977 etiamximperii
865 1907 907 1958 die

114 1979 221 2044 signum
235 1979 382 2030 excubanti
400 1980 512 2030 tribuno
532 1980 610 2032 dedit
625 1978 759 2048 Optimam
775 1992 908 2041 matrem

114 2069 147 2103 oc
163 2054 290 2120 deinceps
306 2054 426 2105 eiusdem
442 2070 524 2122 saepe
540 2054 639 2106 lectica
653 2072 702 2128 per
716 2056 894 2123 publicum'
874 2073 907 2108 sr-

112 2128 171 2178 mul
179 2136 272 2178 vectus
283 2135 332 2180 est.
371 2129 481 2178 Antium
492 2129 630 2182 coloniam
642 2130 755 2182 deduxit
760 2132 908 2201 ,ascriptis

114 2204 250 2264 veteranis
261 2220 275 2254 e
285 2204 436 2270 praetorio,
449 2203 605 2272 additisque
615 2221 664 2274 per
674 2205 811 2258 domicilii
820 2213 908 2258 trans·

113 2277 245 2328 lationem
266 2277 410 2328 ditissimis
434 2279 663 2346 primipilarium:
683 2280 733 2332 ubi
753 2287 780 2332 et
798 2288 908 2350 portum

69 2383 72 2389 ·
115 2353 206 2419 operis
217 2352 449 2420 sumptuosissimi
459 2351 533 2404 fecit.

171 2427 205 2478 X.
226 2429 325 2496 Atque,
337 2434 368 2478 ut
382 2427 526 2478 certiorem
544 2427 632 2480 adhuc
645 2429 768 2482 indolem
784 2411 909 2484 bstende·

95 2547 97 2552 ,
114 2507 168 2563 ret,
186 2517 218 2552 ex
233 2502 348 2568 Augusti
363 2503 532 2570 praescripto
548 2504 745 2572 imperaturum
760 2522 790 2558 se
804 2505 909 2594 profes-

115 2590 174 2638 sus,
185 2592 272 2643 neque
283 2576 472 2641 liberalitatis,
483 2593 572 2644 neque
581 2579 753 2644 clementiae,
764 2582 908 2634 1111111111-

114 2651 182 2698 tatis
198 2651 307 2717 quidem
322 2651 491 2704 exhibendae
505 2653 591 2704 ullam
610 2654 786 2708 occasionem
807 2657 909 2708 omisit.

117 2719 255 2775 Graviora
264 2726 413 2792 vectigalia
424 2734 472 2778 aut
482 2728 615 2792 abolevit,
628 2730 794 2782 autminuit.
829 2729 910 2782 Prae·

116 2793 173 2843 mia
202 2797 354 2851 delatorum
379 2801 483 2869 Papiae
506 2802 574 2868 legis
599 2804 634 2856 ad
658 2807 771 2874 quartas
795 2806 909 2872 redegit
