2036 3022
242 187 520 242 vnsrrsmuus.
557 192 635 240 car.
656 155 772 240 1s-m.
855 191 905 244 au

165 313 253 368 XVll.
273 314 304 366 ln
325 332 404 368 omne
424 315 564 370 hominum
584 330 669 386 genus
684 316 904 384 liberalissimus,

106 390 230 460 explevit
241 407 350 442 censum
361 399 532 455 senatorum3
550 391 708 443 consulares
718 393 816 460 inopes
826 395 904 462 quin·

105 467 186 533 genis
197 467 331 518 sestertiis
347 469 444 519 annuis
459 468 635 530 sustentavit3
655 467 788 534 plurimas
803 483 852 534 per
861 474 904 521 to·

105 549 166 592 tum
181 542 275 602 orbem
291 543 415 594 civitates
428 551 518 596 terrae
534 549 612 596 motu
628 549 676 594 aut
689 543 818 594 incendio
835 541 902 594 affli-

106 622 167 667 ctas
178 617 299 668 restituit
308 619 337 667 in
348 619 454 670 melius.

162 690 263 743 XVlll.
283 691 395 760 Ingenia
410 701 438 745 et
451 700 523 745 artes
543 693 587 745 rel
605 694 724 746 maxime
738 693 822 745 fovit:
847 695 902 762 pri-

103 783 167 818 mus
187 783 202 818 e
225 767 292 820 fisco
312 766 421 820 Latinis
443 768 610 837 Graecisque
634 768 791 822 rhetoribus
811 784 902 821 annua

105 847 222 893 centena
243 843 398 894 constituit:
422 849 593 911 praestantes
610 849 720 911 potitus,
740 860 860 896 necnon
875 853 903 896 ct

105 917 239 981 artifices,
252 918 325 970 Coae
336 916 463 982 Veneris,
478 920 543 970 item
556 918 665 970 Colossi
675 918 850 985 refectorem,
861 921 901 970 iu-

105 993 180 1060 signi
191 993 333 1060 congiario
345 1009 499 1061 magnaque
513 993 637 1045 mercede
648 993 774 1046 donavit:
795 993 902 1047 mecha

104 1069 170 1118 nico
183 1083 304 1135 quoque,
316 1070 433 1136 grandes
445 1069 587 1120 columnas
598 1069 698 1136 exigua
707 1068 833 1135 impensa
841 1085 902 1138 per·

106 1143 252 1193 ducturum
271 1145 300 1194 in
316 1145 483 1211 Capitolium
504 1143 657 1211 pollicenti,
677 1143 830 1212 praemium
850 1159 901 1212 pro

105 1225 261 1269 commento
282 1234 337 1270 non
357 1220 495 1272 mediocre
514 1218 628 1282 obtulit,
654 1233 766 1286 operam
785 1219 901 1282 remisit,

104 1292 256 1361 praefatus,
263 1293 360 1346 rinnel
370 1312 397 1346 re
403 1295 563 1362 plebeculam
571 1309 680 1361 parcere
692 1292 801 1362 [pond.

160 1367 235 1419 xlx.
255 1367 355 1434 Ludis,
376 1386 425 1437 per
439 1386 509 1438 qrros
523 1385 606 1421 scena
615 1368 790 1420 Marcelliani
798 1366 901 1421 theatri

102 1444 232 1496 restituta
243 1444 434 1510 dedicabatur,
455 1451 549 1498 vetera
563 1459 672 1514 quoque
688 1451 849 1496 acroamata
858 1459 900 1496 re-

102 1524 261 1570 vocaverat.
299 1520 455 1587 Apollinari
464 1521 599 1588 tragoedo
611 1519 820 1588 quadringenta,
832 1520 899 1570 'ler-

103 1609 159 1661 pno
170 1593 352 1662 Diodoroque
363 1595 530 1648 citharoedis
545 1596 662 1659 dracena,
682 1594 823 1646 nonnullis
838 1609 899 1646 cen-

102 1677 180 1734 tena,
203 1669 301 1736 quibus
311 1671 465 1735 minimum,
487 1671 664 1740 quadragena
679 1669 807 1723 sestertia
817 1685 900 1738 super

9 1743 10 1776 l
102 1745 237 1812 plurimas
253 1759 370 1797 coronas
387 1761 484 1797 aureas
500 1746 584 1797 dedit.
624 1745 678 1798 Sed
695 1752 722 1798 et
732 1746 898 1797 convivaba-

101 1828 148 1871 tur
159 1803 282 1883 assidue‚
303 1835 336 1872 ac
346 1822 456 1889 saepius
466 1826 542 1872 recta
552 1827 580 1872 et
590 1819 708 1887 dapsile,
729 1827 760 1872 ut
770 1820 899 1872 macella-

100 1897 160 1947 rios
172 1895 323 1948 adiuvarct.
363 1897 440 1948 Sicut
450 1894 643 1947 Saturnalibus
659 1895 744 1946 dabat
753 1897 820 1946 viris
832 1911 898 1962 apo-

101 1970 228 2041 phoreta,
240 1972 280 2022 ita
290 1987 338 2039 per
348 1971 488 2024 Kalendas
498 1970 616 2022 Martias
627 1969 748 2021 feminis:
769 1977 897 2021 ettamen

100 2063 135 2099 ne
156 2047 197 2096 sic
217 2047 326 2113 quidem
346 2047 479 2114 pristinae
494 2045 654 2114 cupiditatis
668 2043 785 2095 iufamia
799 2045 897 2096 caruit.

99 2121 281 2172 Alexandrini
287 2120 457 2190 Cybiosacten
462 2138 524 2174 eum
534 2136 635 2172 vocare
645 2126 895 2187 perseveraverunt,

100 2197 266 2263 cognomine
286 2197 367 2247 unius
380 2213 395 2248 e
409 2199 520 2265 regibus
535 2197 593 2246 suis
607 2194 827 2261 turpissimarum
838 2211 897 2247 sor·

100 2273 186 2324 dium.
217 2271 271 2324 Sed
282 2265 347 2324 etin
357 2271 451 2324 funere
461 2273 553 2324 Favor
563 2269 739 2321 archimimus
750 2286 896 2338 personam

94 2345 275 2410 'eiusierens,
295 2348 473 2414 imitansque,
488 2354 520 2399 ut
533 2352 576 2398 est
589 2362 661 2408 mos,
683 2345 757 2397 facta
773 2362 806 2398 ac
821 2346 897 2398 dicta

98 2424 165 2486 vivi,
176 2423 353 2489 interrogatis
364 2423 455 2490 palam
466 2422 701 2490 procuratoribus,
709 2423 805 2487 quanti
813 2421 896 2473 funus

100 2506 128 2550 et
139 2513 242 2565 pompa
252 2504 402 2561 constaret,
418 2503 449 2548 ut
459 2497 560 2562 audiit,
579 2497 707 2554 sestertio
718 2497 834 2562 centies,
850 2513 895 2550 ex·

99 2574 239 2637 clamavit,
253 2571 362 2624 Centum
372 2571 423 2624 stoi
431 2571 552 2625 sestertia
563 2572 668 2636 darent,
681 2587 713 2624 oc
723 2588 749 2624 te
759 2573 799 2624 cel
807 2571 836 2625 ἐκ
849 2571 894 2625 il·-

99 2649 182 2701 berim
188 2647 358 2715 prodicerent.

154 2725 217 2781 XX.
238 2723 350 2778 Statura
359 2723 413 2794 init
423 2723 571 2797 quadrata,
594 2723 745 2802 compactis
755 2723 895 2799 firmisque
