2050 3034
323 183 526 234 CALIGULA.
562 187 638 234 CAP.
659 185 774 236 la-rs.
896 185 946 242 167

204 305 292 362 XVll.
318 309 485 364 Consulatus
505 317 626 380 quatuor
648 313 745 380 gessit:
769 315 887 382 primum
911 331 945 369 ex

143 383 282 437 Kalendis
296 383 374 442 Iuliis
388 401 437 454 per
453 387 522 439 diros
537 403 656 450 menses3
681 389 830 440 secuudum
845 405 879 440 ex
889 391 944 442 Ka-

143 460 237 512 lendis
250 460 388 512 Ianuariis
402 478 451 529 per
465 463 581 530 triginta
595 463 668 514 dies:
692 463 802 514 tertium
817 467 944 532 usquein

144 534 211 586 ldus
221 534 357 599 ianuarii:
378 543 506 605 quartum
516 553 603 606 usque
614 538 643 588 in
654 539 799 606 septimum
809 539 875 590 ldus
885 556 943 591 eas-

144 609 216 662 dem.
244 609 287 661 Ex
299 611 425 663 omuibus
436 613 506 664 duos
516 613 682 664 novissimos
695 614 846 665 coniimuit.
876 615 943 666 Ter-

142 687 214 736 tium
225 692 316 738 autem
327 685 458 754 Lugduni
467 687 531 739 iniit
541 688 625 752 solus,
637 705 705 754 non,
716 695 750 740 ut
759 691 870 756 quidam
883 692 942 758 opi-

143 767 257 825 nantur,
269 763 399 829 superbia
409 763 622 830 negligentiave,
638 765 686 815 sed
698 764 772 833 quod
784 764 941 816 defunctum

143 837 195 886 sub
206 835 393 888 Kalendarum
410 837 481 889 diem
497 838 630 906 collegam
645 840 760 891 rescisse
776 840 874 892 absens
884 857 941 892 nou

142 916 282 980 potuerat.
323 912 499 979 Congiarium
520 913 623 980 populo
644 914 687 963 bis
707 914 794 978 dedit,
815 921 941 967 trecenos

143 987 300 1038 sestertios:
324 987 408 1038 toties
424 987 689 1038 abundantissimum
709 989 819 1054 epulum
834 992 943 1040 senatui

143 1061 321 1129 equestrique
332 1063 437 1126 ordini,
449 1063 531 1113 etiam
544 1061 707 1128 coniugibus
719 1076 752 1113 ac
761 1061 856 1114 liberis
866 1070 942 1114 utro-

142 1148 269 1204 rumque.
311 1135 470 1188 Posteriore
490 1136 571 1203 epulo
591 1135 715 1188 forensia
733 1137 847 1204 insuper
864 1139 941 1202 viris,

143 1212 237 1279 pueris
254 1225 287 1261 ac
301 1210 410 1262 feminis
424 1211 527 1262 fascias
542 1226 680 1280 purpurae
692 1227 724 1263 ac
735 1211 876 1279 conchylii
887 1213 941 1263 dis-

141 1287 250 1337 tribuit.
284 1285 361 1337 Etut
370 1287 504 1338 laetitiam
515 1287 864 1356 publicaminperpetuum
874 1302 941 1355 quo-

143 1375 197 1429 que
208 1367 329 1428 augeret,
336 1361 437 1413 adiecit
447 1362 519 1414 diem
530 1361 939 1431 Saurrnalibus,appellaoitque

144 1435 300 1488 Iuvenalem.

200 1511 299 1562 XVlll.
310 1504 430 1564 Munera
437 1513 606 1580 gladiatoria
615 1513 715 1580 partim
726 1514 755 1562 in
764 1511 940 1580 Amphithea-
1017 1539 1018 1542 ¹

141 1584 188 1636 tr'o
199 1587 299 1651 Tauri,
320 1588 460 1653 partimin
471 1587 575 1655 Septis,
597 1589 705 1657 aliquot
719 1587 818 1638 edidit:
840 1587 939 1656 quibus

141 1662 261 1712 inseruit
271 1665 395 1714 catervas
405 1661 532 1716 Afrorum
538 1663 795 1732 Campanorumque
805 1663 938 1731 pugilum,

143 1749 177 1787 ex
191 1741 309 1804 utraque
323 1738 436 1804 regione
450 1739 686 1791 electissimorum.
724 1738 819 1806 Neque
833 1743 939 1807 specta-

142 1811 214 1862 culis
224 1823 331 1880 semper
340 1812 562 1880 ipsepraeseditt
582 1813 630 1864 sed
643 1811 780 1864 interdum
795 1818 843 1863 aut
852 1813 938 1878 magi-

141 1887 276 1938 stratibus
298 1893 345 1938 aut
369 1888 466 1939 amicis
489 1886 666 1955 praesidendi
688 1900 786 1936 munus
809 1886 938 1937 iniunxit.

140 1961 275 2014 Scenicos
284 1961 367 2014 ludos
379 1969 406 2014 et
416 1963 528 2014 assidue
537 1961 752 2027 etvariigeneris
758 1959 939 2012 multifariam
971 1961 981 1982 ⁰

140 2035 222 2088 fecit:
244 2037 379 2105 quosdam
390 2043 417 2090 et
426 2045 590 2102 nocturnos,
612 2035 939 2087 accensistotaUrbelu-

140 2112 272 2164 minibus,
311 2111 420 2181 Sparsit
429 2119 456 2167 et
465 2113 583 2165 missilia
592 2111 732 2163 variamm
742 2125 842 2175 rerum,
854 2116 938 2178 etpa-

138 2188 221 2238 naria
236 2185 297 2238 cum
313 2189 430 2240 obsonio
445 2190 549 2240 viritim
565 2188 668 2240 divisit.
708 2186 770 2247 Qua
781 2187 938 2255 epulatione

141 2261 369 2331 equitiliomano,
382 2269 479 2315 contra
489 2279 518 2315 se
527 2263 644 2315 hilarius
656 2261 819 2331 avidiusque
828 2275 938 2313 vescen-

139 2335 171 2400 ti,
182 2343 276 2404 partes
288 2354 352 2389 snas
363 2338 451 2389 misit:
471 2337 518 2389 sed
530 2345 558 2390 et
567 2339 691 2390 senatori
701 2337 737 2390 ob
749 2336 862 2388 eandem
874 2349 937 2384 cau·

139 2427 199 2462 sam
211 2411 365 2478 codicillos,
378 2413 477 2482 quibus
487 2419 643 2480 praetorem
654 2429 714 2464 eum
725 2416 803 2462 extra
814 2409 938 2461 ordinem

141 2486 314 2554 designabat.
352 2487 449 2540 Edidit
462 2494 490 2540 et
505 2489 646 2540 Circenses
666 2486 799 2553 plurimos
821 2500 838 2534 a
857 2495 937 2534 mane
1017 2485 1018 2490 ’

139 2561 228 2631 usque
247 2563 283 2614 ad
302 2579 458 2633 vesperam,
478 2563 624 2614 interiecta
642 2561 725 2611 modo
746 2557 938 2623 Africanarum

138 2639 299 2702 venatione,
324 2640 408 2690 modo
429 2637 533 2691 Troiae
553 2635 727 2686 decursione:
756 2641 784 2686 et
803 2631 938 2701 quosdam

139 2715 319 2784 praecipuos,
339 2714 425 2766 minio
446 2717 475 2766 et
494 2708 671 2780 chrysocolla
690 2713 830 2760 constrato
847 2707 937 2770 Circo,
