2036 3022
174 182 180 210 t

163 275 215 330 298
267 283 293 328 c.
307 279 464 330 sunroun
478 279 661 330 mammos.
686 278 754 329 cor.
765 277 807 327 17.
818 259 859 328 1's.

164 405 300 474 quaedam
313 406 347 458 de
362 407 451 458 salute
465 405 631 474 Vespasiani
645 405 782 472 dicturus,
796 413 830 458 ut
841 404 963 458 custodi-

163 487 239 533 retur
256 482 366 533 interim
383 483 429 534 vel
444 483 475 532 in
495 498 622 543 earcere;
643 480 731 533 donee
750 481 879 548 religatis
900 487 963 549 post

163 563 240 624 terga
253 558 394 621 manibus,
413 557 515 610 iniecto
532 557 683 608 cervicibus
699 557 814 625 laqueo,
829 563 907 608 veste
923 556 961 607 di-

163 631 263 695 scissa,
279 632 436 682 seminudus
445 632 475 682 in
485 631 577 684 forum
586 637 693 683 tractus
704 637 757 695 est,
775 633 849 684 inter
860 647 960 698 magna

163 721 253 757 rerum
267 707 468 775 verborumque
481 707 616 770 ludibria,
631 722 680 774 per
689 712 779 757 totum
789 707 853 758 viae
863 721 960 757 sacrae

163 781 294 845 spatimn,
309 780 423 832 reducto
439 797 520 834 coma
534 783 638 848 eapite,
655 797 705 834 ceu
712 781 792 834 noxii
802 781 908 845 solent,
920 787 960 832 at·

162 869 215 922 que
229 855 312 905 etiam
327 862 418 908 mento
433 872 564 908 mucrone
578 856 666 923 gladii
676 857 817 920 subrecto,
829 861 861 906 ut
870 857 960 908 risen-

162 929 226 979 dam
235 931 378 996 praeberet
387 930 495 995 faeiem,
506 947 573 984 neve
583 932 776 992 summitteret3
793 930 961 998 quibusdam

161 1011 283 1057 stercore
293 1012 320 1058 et
330 1021 416 1058 coeno
427 1007 640 1070 incessentibus‚
652 1006 716 1056 aliis
726 1003 921 1059 incendiarium
932 1011 960 1057 et

159 1079 324 1146 pannariam
337 1081 567 1145 vociferantibus,
583 1087 661 1150 parte
671 1081 748 1148 vulgi
762 1080 848 1131 etiam
858 1097 958 1148 corpo-

160 1155 199 1205 ris
209 1155 279 1206 vitia
288 1157 471 1222 exprobrante
482 1157 637 1220 (eratenim
647 1157 676 1208 in
687 1172 719 1207 eo
729 1155 851 1206 enormis
861 1171 958 1224 proce-

159 1229 242 1293 ritas,
256 1230 342 1282 facies
352 1231 455 1282 rubida
463 1231 623 1298 plerumque
633 1246 668 1283 ex
681 1231 848 1294 vinolentia,
863 1237 958 1284 venter

161 1303 272 1368 obesus,
288 1305 404 1358 alterum
413 1305 502 1358 femur
512 1306 667 1370 subdebile,
678 1305 800 1375 impulsu
811 1307 880 1358 olim
891 1321 956 1374 qua-

160 1375 268 1445 drigae,
284 1396 367 1448 quum
382 1381 521 1447 auriganti
536 1381 603 1432 Caio
619 1381 836 1433 ministratorem
847 1379 957 1433 exhibe·

160 1457 227 1518 ret),
247 1454 358 1506 tandem
378 1456 451 1522 apud
473 1455 622 1507 Gemonias
641 1456 834 1508 minutissimis
853 1457 956 1508 ictibus

160 1530 370 1581 excarnificatus
384 1537 466 1596 atque
481 1530 622 1584 coniectus
636 1537 690 1596 est,
702 1538 729 1582 et
743 1531 807 1582 inde
818 1547 890 1584 unco
901 1538 956 1583 tra-

160 1610 219 1655 ctus
229 1605 259 1654 in
269 1605 400 1656 Tiberim.

214 1678 314 1729 xvlll.
334 1678 421 1730 Periit
435 1696 495 1732 curn
510 1679 596 1732 fratre
610 1687 638 1732 et
652 1681 725 1745 illio,
738 1697 810 1734 anno
826 1681 900 1734 vitae
915 1697 956 1732 se-

158 1753 244 1821 ptimo
265 1759 293 1804 et
312 1754 559 1822 quinquagesimo:
579 1773 629 1808 nec
648 1755 749 1808 fefellit
766 1758 956 1826 eoniectrrram

159 1844 266 1893 eornm,
281 1830 329 1898 qui
340 1832 470 1896 augurio,
485 1831 560 1898 quod
574 1831 678 1884 factum
693 1831 720 1883 ei
728 1830 854 1884 Viennae
866 1839 956 1884 osten-

159 1903 261 1968 dimus,
277 1919 333 1956 non
348 1905 425 1957 aliud
438 1905 567 1972 portendi
581 1907 788 1972 praedixerant,
800 1924 885 1975 quam
894 1923 956 1958 ven·

156 1984 246 2030 turum
270 1981 298 2030 in
323 1980 440 2031 alieuius
465 1979 604 2031 Gallicani
627 1980 746 2032 hominis
770 1988 956 2050 potestatem:

157 2053 293 2122 siquidem
313 2055 348 2106 ab
367 2055 487 2106 Antonio
507 2054 615 2120 Primo,
637 2055 815 2108 adversarum
835 2058 957 2126 partium

158 2128 236 2192 duce,
248 2143 395 2196 oppressus
405 2137 459 2193 est,
472 2130 529 2194 cui,
540 2129 662 2182 Tolosae
672 2138 749 2195 nato,
762 2148 917 2200 cognomen
927 2131 956 2183 in

155 2204 276 2270 pueritia
284 2204 373 2256 Becoo
384 2202 483 2256 fuerat.
522 2204 554 2254 Id
563 2205 637 2257 valet
646 2205 797 2274 gallinacei
806 2215 938 2260 rostrmn.
