2044 3028
258 217 513 269 bertramnus.
548 223 758 270 car.rs-ae.
854 214 905 275 tat

104 345 144 400 rii
156 347 283 399 Caesaris
296 345 367 398 nihil
380 346 541 399 lectitabat:
562 347 696 414 epistolas
708 349 904 417 orationesque

107 429 136 474 et
151 422 243 474 edicta
261 422 352 476 alieno
366 422 507 474 formabat
519 422 643 489 ingenio,
664 425 799 476 sermonis
811 430 904 475 tamen

80 537 83 542 ,
107 513 159 548 nec
178 498 361 564 inelegantis,
382 498 519 550 dictorum
538 498 674 550 interdum
694 500 776 550 etiam
796 499 905 550 notabi-

106 573 184 623 lium.
229 571 332 635 Vellem,
348 573 446 640 inquit,
462 582 517 624 tam
524 571 661 644 formosus
676 589 737 636 esse,
754 575 830 640 qdcm
847 571 903 624 Me-

109 648 162 698 tius
176 646 227 698 sibi
239 647 361 700 ridetur:
381 654 409 699 et
429 649 570 700 cuiusdam
591 655 685 717 caput,
705 649 839 701 varietate
860 663 904 700 ca·

105 723 170 790 pilli
189 723 353 774 subrutilum
373 729 401 774 et
419 724 560 788 incanum,
571 723 710 796 pers-asam
723 724 808 776 niuem
823 725 904 775 mulso

107 797 188 848 dixit

164 871 239 923 XXI.
260 873 453 925 Conditionem
471 875 626 942 principum
646 877 827 928 miserrimam
848 875 903 928 aie·

107 949 171 1012 bat,
187 948 334 1014 quibusda
350 949 541 1001 coniuratione
556 957 697 1017 comperta
709 965 765 1002 non
781 952 903 1004 credere·

106 1031 165 1086 tur,
181 1023 237 1073 nisi
252 1024 361 1074 occisis.
401 1024 517 1084 Quoties
532 1025 619 1076 otium
633 1031 717 1089 esset,
734 1026 795 1076 alea
811 1041 840 1078 se
856 1027 903 1078 ob·
929 1081 931 1086 ,

107 1097 242 1161 leuabat,
257 1099 340 1150 etiam
351 1098 481 1164 profestis
493 1099 589 1150 diebus
599 1101 796 1170 matutinisque
807 1099 884 1152 horis
896 1119 902 1150 :

6 1225 7 1250 ,
109 1187 142 1223 ao
158 1172 271 1225 lavabat
285 1173 318 1223 de
333 1173 391 1236 die,
405 1174 612 1241 prandebatque
629 1176 664 1226 ad
678 1177 853 1238 satietatem
873 1181 904 1226 ut

6 1277 7 1282 =
106 1261 163 1299 nou
176 1253 277 1298 temere
292 1263 500 1314 superuacuam
515 1256 624 1316 praeter
633 1250 789 1302 Matianum
798 1251 901 1303 malum

108 1331 136 1374 et
145 1322 283 1374 modicam
293 1323 322 1374 in
333 1323 455 1390 ampulla
468 1325 656 1390 potiunculam
667 1332 793 1378 sumeret.
834 1326 904 1378 Gon·

108 1398 256 1448 vivebatur
274 1396 429 1464 frequenter
448 1413 481 1450 ao
500 1398 589 1466 large,
610 1401 659 1452 sed
678 1416 765 1467 paene
783 1401 902 1470 raptim:

109 1479 184 1524 certe
198 1487 254 1524 uon
267 1471 342 1524 ultra
356 1472 424 1525 solis
435 1488 577 1538 occasum,
592 1491 642 1527 nec
651 1482 683 1527 ut
696 1482 794 1542 postea
805 1477 903 1528 comis·

108 1553 225 1600 seretur.
264 1547 333 1599 Nam
355 1548 389 1600 ad
410 1546 507 1602 horam
527 1551 619 1605 somni
631 1549 701 1601 nihil
715 1551 804 1617 allud,
820 1567 902 1620 quam

108 1629 215 1676 secreto
226 1622 302 1674 solus
313 1623 514 1675 deambulabat.

163 1697 252 1748 XXll.
275 1696 414 1748 Libidinis
431 1701 547 1763 nimiae,
567 1702 756 1755 assiduitatem
775 1703 903 1755 concubi-

107 1780 166 1836 tus,
182 1773 258 1823 velut
271 1773 478 1824 exercitationis
491 1785 590 1841 genus,
606 1777 760 1845 clinopalen
775 1779 902 1830 vocabat.

107 1847 231 1916 Eratque
245 1847 332 1911 lama,
344 1848 425 1916 quasi
435 1850 602 1900 concubinas
611 1851 671 1918 ipse
682 1851 839 1916 deuelleret,
855 1868 903 1903 na-

107 1927 235 1990 taretque
257 1922 328 1973 inter
349 1922 555 1990 vulgatissimae
579 1926 744 1978 meretrices.
795 1926 903 1978 Fratris

108 1999 195 2050 tiliam
206 2035 215 2062 ,
239 1996 329 2048 adhuc
347 1999 480 2065 virginem
500 1999 622 2052 oblatam
646 2000 676 2050 in
699 2001 904 2052 matrimonium

108 2073 176 2138 sibi,
194 2088 276 2140 quum
291 2073 431 2126 devinctus
445 2073 586 2126 Domitiae
600 2075 703 2142 nuptiis
717 2076 904 2143 pertinacissi-

108 2165 151 2200 me
162 2155 329 2212 recusasset,
346 2164 402 2199 non
417 2150 504 2200 multo
515 2157 579 2217 post
593 2150 644 2201 alii
654 2150 831 2216 collocatam,
844 2167 903 2203 cor-

110 2224 186 2292 rupit
194 2223 278 2286 ultro,
290 2223 435 2290 etquidem
445 2225 508 2277 vivo
521 2226 602 2277 etiam
613 2232 671 2276 tum
682 2227 747 2278 Tito
760 2245 766 2277 τ
782 2241 846 2278 mox
856 2223 916 2294 pa-⁵

108 2306 151 2349 tre
167 2313 200 2349 ao
214 2299 274 2349 viro
292 2299 417 2349 orbatam
433 2300 623 2352 ardentissime
637 2299 783 2368 palamque
798 2302 903 2366 dilexit,

108 2380 141 2424 ut
154 2374 238 2424 etiam
249 2388 333 2424 causa
347 2374 444 2426 mortis
455 2376 602 2440 exstiterit,
615 2382 727 2428 coactae
743 2382 904 2443 conceptum

109 2463 166 2499 ase
178 2448 297 2515 abigere.

165 2523 266 2574 XXlll.
283 2523 409 2574 Occisum
420 2539 481 2576 eum
490 2525 609 2592 populus
619 2524 815 2591 indifferenter,
826 2527 906 2580 miles

108 2599 272 2666 gravissime
282 2597 355 2664 tulit,
366 2600 513 2666 statimque
524 2617 585 2651 eum
595 2601 697 2653 Divum
708 2601 848 2669 appellare
859 2618 905 2654 co-

109 2678 212 2734 natus3
240 2679 353 2740 paratus
373 2679 400 2725 et
418 2674 534 2739 ulcisci,
558 2677 614 2726 nisi
638 2676 720 2728 duces
745 2675 904 2731 defuissent.

110 2747 194 2814 Quod
209 2747 319 2820 quidem
333 2748 428 2816 paullo
443 2755 507 2819 post
515 2749 591 2820 fecit,
602 2751 784 2824 expostulatis
795 2751 830 2804 ad
840 2767 906 2824 poe·

656 2847 701 2896 Υ2
890 2909 1016 2982 Α
