2026 3020
233 211 492 269 ocrnvmuos.
529 215 736 270 cuuis-m
856 215 889 275 tt

90 365 131 402 mo
142 346 323 416 piscantibus,
345 347 419 398 cuius
437 345 545 415 abrupti
557 347 680 400 domuum
694 350 765 400 nullu
779 358 891 417 captura

89 423 200 491 pensari
204 431 301 490 posset,

146 531 250 584 XXVl.
270 531 454 598 Magistratus
471 537 552 601 atque
568 531 687 586 honores
703 540 731 586 et
746 539 809 586 ante
823 540 890 586 tem-

92 625 156 677 pus,
179 613 207 660 et
223 607 357 676 quosdam
373 608 440 658 novi
458 609 565 674 generis
586 615 788 679 perpetuosque
809 611 889 678 cepit.

94 683 276 736 Consulatum
286 683 418 732 vicesimo
431 684 530 734 aetatis
547 699 618 734 arum
634 685 749 749 invasit,
771 685 890 736 admotis

93 758 234 810 hostiliter
244 757 281 807 ad
290 757 391 808 Urbem
407 757 577 824 legionibus,
597 760 755 829 missisque,
777 761 825 829 qui
835 760 891 810 sibi

92 835 203 885 nomine
220 832 358 884 exercitus
374 831 564 900 deposcerent:
585 849 667 902 quum
679 836 803 901 quidem,
826 851 890 886 cun-

94 914 185 960 ctante
195 912 308 970 senatu,
326 906 469 958 Cornelius
484 909 621 971 centuwio,
637 909 763 976 princeps
773 910 889 976 legatio-

92 985 143 1047 nis,
154 983 260 1034 reieeto
272 981 385 1048 sagulo,
407 983 553 1034 ostendens
568 982 655 1047 gladii
671 984 812 1050 capulum,
834 1000 890 1034 non

94 1059 250 1109 dubitasset
259 1058 288 1107 in
300 1057 377 1107 curia
388 1057 492 1108 dicere:
512 1055 667 1126 Hicfaciet,
679 1056 703 1106 ei
711 1057 890 1127 perfeceritis

93 1149 143 1200 pos.
185 1132 340 1184 Secundum
353 1126 525 1182 consulatum
536 1137 601 1198 post
609 1147 707 1183 novem
719 1147 820 1196 annos,
837 1140 890 1183 ter-

92 1210 161 1259 tium
178 1221 251 1257 auno
267 1207 411 1258 interiecto
426 1207 523 1273 gessit3
545 1213 688 1274 sequentes
698 1223 785 1275 usque
797 1209 831 1258 ad
842 1225 891 1258 uu-

94 1283 230 1334 decimmn
242 1282 426 1333 continuavit:
447 1281 595 1350 multisque
606 1297 682 1347 niox,
704 1300 788 1352 quum
804 1283 890 1335 defer-

93 1364 195 1421 rentur,
203 1357 348 1420 remusatis,
356 1357 547 1407 duodecimum
557 1373 667 1424 magno,
679 1358 708 1409 id
719 1364 768 1422 est,
775 1366 890 1428 septem-

94 1433 182 1484 decim
203 1446 338 1482 annorum
357 1431 517 1496 intervallo,
539 1438 566 1483 et
584 1448 678 1484 rursus
691 1435 802 1484 tertium
818 1435 891 1484 deei-

93 1519 165 1558 mum
176 1506 290 1557 biennio
305 1512 370 1573 post
383 1506 457 1557 ultro
468 1505 561 1576 petiit,
581 1513 613 1557 ut
624 1507 720 1558 Caium
735 1514 763 1559 et
771 1507 889 1560 Lucium

94 1583 166 1634 lilios
183 1581 354 1648 amplissimo
375 1581 515 1649 praeditus
534 1581 711 1649 magistratu,
732 1597 783 1633 suo
799 1599 891 1651 quem·

95 1673 145 1727 que
155 1656 290 1707 tirocinio
302 1655 448 1706 deduceret
457 1657 486 1706 in
501 1655 601 1707 forum.
642 1657 769 1726 Quinque
783 1658 891 1708 medios

94 1731 270 1794 consulatus,
292 1745 309 1779 a
323 1736 400 1782 sexto
417 1730 452 1781 ad
466 1731 653 1796 undecimum,
675 1748 781 1786 annuos
792 1733 890 1800 gessit3

94 1812 202 1858 ceteros
215 1810 263 1856 aut
272 1821 384 1868 novem,
401 1810 449 1855 aut
459 1821 520 1868 sex,
537 1812 584 1856 aut
595 1813 728 1873 quatuor,
745 1814 792 1858 aut
801 1808 891 1859 tribus

93 1881 247 1934 mensibus:
268 1879 416 1931 seelmdum
426 1894 490 1930 vero
507 1881 681 1946 paucissimis
696 1879 781 1932 horis.
820 1879 892 1932 Nam

94 1957 138 2008 die
148 1955 339 2006 Kalendarum
349 1953 484 2017 Ianuarii,
507 1969 588 2020 quum
604 1970 684 2005 mane
699 1971 749 2022 pro
762 1955 829 2006 aede
841 1955 892 2004 Ga-

92 2029 208 2100 pitolini
226 2029 300 2081 lovis
320 2028 473 2096 paullulum
498 2028 588 2078 cumuli
611 2029 680 2079 sella
700 2030 892 2096 praesedisset,

94 2105 201 2158 honore
223 2105 304 2169 abiit,
331 2103 451 2155 suffecto
469 2104 525 2154 alio
546 2102 686 2155 inlocum
707 2120 796 2156 suum.
835 2105 893 2156 Nec

96 2197 191 2232 omnes
211 2180 328 2241 Romae,
354 2179 402 2230 sed
428 2185 553 2247 quartum
576 2180 748 2232 consulatum
767 2182 796 2232 in
815 2182 890 2246 Asia,

94 2258 221 2327 quintum
232 2257 260 2306 in
275 2254 367 2305 insula
378 2253 473 2318 Samo,
496 2260 621 2306 octavum
637 2263 664 2308 et
677 2272 779 2308 nonum
791 2259 892 2308 'l'arra-

95 2347 172 2396 cone,
183 2329 256 2381 iniit.

148 2445 267 2499 XXVII.
279 2446 494 2498 'l'riumviratum
504 2447 673 2515 reipublicae
684 2445 893 2499 constituendae

93 2523 253 2591 perdecem
268 2537 355 2573 armos
370 2520 585 2573 administravit:
605 2524 634 2573 iu
649 2538 704 2590 quo
719 2521 823 2573 restitit
834 2521 892 2588 qui-

93 2598 155 2650 dem
171 2596 345 2666 aliquamdiu
359 2595 486 2662 collegis,
506 2611 540 2647 ue
555 2613 609 2664 qua
623 2597 701 2647 tieret
714 2595 891 2663 proscriptio,

92 2674 141 2726 sed
155 2673 296 2742 inceptam
313 2677 431 2739 utroque
452 2671 577 2720 acerbius
597 2671 727 2722 exercuit.
766 2669 892 2739 Namque

91 2748 150 2804 illis
160 2750 192 2802 in
202 2748 352 2800 multorum
363 2760 445 2814 saepe
455 2758 601 2814 personam
612 2760 661 2812 per
671 2745 789 2812 gratiam
800 2751 891 2814 septe
