<?xml version="1.0" encoding="UTF-8"?>
<!DOCTYPE html PUBLIC "-//W3C//DTD XHTML 1.0 Transitional//EN"
    "http://www.w3.org/TR/xhtml1/DTD/xhtml1-transitional.dtd">
<html xmlns="http://www.w3.org/1999/xhtml" xml:lang="en" lang="en">
 <head>
  <title>
</title>
<meta http-equiv="Content-Type" content="text/html;charset=utf-8" />
  <meta name='ocr-system' content='tesseract 3.04.00' />
  <meta name='ocr-capabilities' content='ocr_page ocr_carea ocr_par ocr_line ocrx_word'/>
</head>
<body>
  <div class='ocr_page' id='page_1' title='image "./csuetoniitranqu05suetgoog_0208.png"; bbox 0 0 2050 3034; ppageno 0'>
   <div class='ocr_carea' id='block_1_1' title="bbox 148 203 666 260">
    <p class='ocr_par' dir='ltr' id='par_1_1' title="bbox 148 203 666 260">
     <span class='ocr_line' id='line_1_1' title="bbox 148 203 666 260; baseline 0.002 -9"><span class='ocrx_word' id='word_1_1' title='bbox 148 208 198 260; x_wconf 76' lang='grc'><strong>196</strong></span> <span class='ocrx_word' id='word_1_2' title='bbox 426 207 452 252; x_wconf 84' lang='lat' dir='ltr'><strong>G.</strong></span> <span class='ocrx_word' id='word_1_3' title='bbox 480 203 666 254; x_wconf 83' lang='lat' dir='ltr'><strong>SUETONll</strong></span> 
     </span>
    </p>
   </div>
   <div class='ocr_carea' id='block_1_2' title="bbox 146 327 1010 2796">
    <p class='ocr_par' dir='ltr' id='par_1_2' title="bbox 148 327 1010 1676">
     <span class='ocr_line' id='line_1_2' title="bbox 148 327 956 402; baseline -0.001 -17"><span class='ocrx_word' id='word_1_4' title='bbox 148 335 210 402; x_wconf 85' lang='lat' dir='ltr'><strong>ipso</strong></span> <span class='ocrx_word' id='word_1_5' title='bbox 221 332 278 398; x_wconf 85' lang='lat' dir='ltr'><strong>die,</strong></span> <span class='ocrx_word' id='word_1_6' title='bbox 300 347 355 401; x_wconf 91' lang='lat' dir='ltr'><strong>quo</strong></span> <span class='ocrx_word' id='word_1_7' title='bbox 370 331 487 399; x_wconf 79' lang='lat' dir='ltr'><strong>primrun</strong></span> <span class='ocrx_word' id='word_1_8' title='bbox 503 345 553 381; x_wconf 90' lang='lat' dir='ltr'><strong>ara</strong></span> <span class='ocrx_word' id='word_1_9' title='bbox 563 328 735 396; x_wconf 77' lang='lat' dir='ltr'><strong>ibinugusto</strong></span> <span class='ocrx_word' id='word_1_10' title='bbox 752 327 883 382; x_wconf 86' lang='lat' dir='ltr'><strong>dedicata</strong></span> <span class='ocrx_word' id='word_1_11' title='bbox 898 335 956 396; x_wconf 87' lang='lat' dir='ltr'><strong>est,</strong></span> 
     </span>
     <span class='ocr_line' id='line_1_3' title="bbox 150 402 955 477; baseline -0.005 -16"><span class='ocrx_word' id='word_1_12' title='bbox 150 408 357 477; x_wconf 84' lang='lat' dir='ltr'><strong>appellatusque</strong></span> <span class='ocrx_word' id='word_1_13' title='bbox 368 406 496 458; x_wconf 85' lang='lat' dir='ltr'><strong>Tiberius</strong></span> <span class='ocrx_word' id='word_1_14' title='bbox 508 404 640 456; x_wconf 83' lang='lat' dir='ltr'><strong>Claudius</strong></span> <span class='ocrx_word' id='word_1_15' title='bbox 651 402 767 456; x_wconf 87' lang='lat' dir='ltr'><strong>Drusus.</strong></span> <span class='ocrx_word' id='word_1_16' title='bbox 801 404 882 470; x_wconf 85' lang='lat' dir='ltr'><strong>Mox,</strong></span> <span class='ocrx_word' id='word_1_17' title='bbox 894 405 955 457; x_wconf 80' lang='lat' dir='ltr'><strong>fra-</strong></span> 
     </span>
     <span class='ocr_line' id='line_1_4' title="bbox 149 476 1008 546; baseline -0.003 -11"><span class='ocrx_word' id='word_1_18' title='bbox 149 491 190 536; x_wconf 86' lang='lat' dir='ltr'><strong>tre</strong></span> <span class='ocrx_word' id='word_1_19' title='bbox 200 485 305 535; x_wconf 87' lang='lat' dir='ltr'><strong>maiore</strong></span> <span class='ocrx_word' id='word_1_20' title='bbox 315 484 344 532; x_wconf 91' lang='lat' dir='ltr'><strong>in</strong></span> <span class='ocrx_word' id='word_1_21' title='bbox 354 481 452 532; x_wconf 88' lang='lat' dir='ltr'><strong>luliam</strong></span> <span class='ocrx_word' id='word_1_22' title='bbox 467 479 603 531; x_wconf 86' lang='lat' dir='ltr'><strong>familiam</strong></span> <span class='ocrx_word' id='word_1_23' title='bbox 618 479 765 546; x_wconf 89' lang='lat' dir='ltr'><strong>adoptato,</strong></span> <span class='ocrx_word' id='word_1_24' title='bbox 788 477 954 532; x_wconf 84' lang='lat' dir='ltr'><strong>Germanici</strong></span> <span class='ocrx_word' id='word_1_25' title='bbox 1007 476 1008 542; x_wconf 59' lang='lat' dir='ltr'><strong>l</strong></span> 
     </span>
     <span class='ocr_line' id='line_1_5' title="bbox 151 554 950 627; baseline -0.004 -16"><span class='ocrx_word' id='word_1_26' title='bbox 151 575 302 627; x_wconf 81' lang='lat' dir='ltr'>cognomen</span> <span class='ocrx_word' id='word_1_27' title='bbox 313 556 470 624; x_wconf 82' lang='lat' dir='ltr'><strong>assumpsit.</strong></span> <span class='ocrx_word' id='word_1_28' title='bbox 500 554 593 606; x_wconf 81' lang='lat' dir='ltr'><strong>lnfaus</strong></span> <span class='ocrx_word' id='word_1_29' title='bbox 605 560 695 606; x_wconf 85' lang='lat' dir='ltr'><strong>autern</strong></span> <span class='ocrx_word' id='word_1_30' title='bbox 704 554 818 606; x_wconf 85' lang='lat' dir='ltr'><strong>relictus</strong></span> <span class='ocrx_word' id='word_1_31' title='bbox 830 570 847 605; x_wconf 88' lang='lat' dir='ltr'><strong>a</strong></span> <span class='ocrx_word' id='word_1_32' title='bbox 856 561 950 623; x_wconf 83' lang='lat' dir='ltr'><strong>patre,</strong></span> 
     </span>
     <span class='ocr_line' id='line_1_6' title="bbox 151 628 950 701; baseline -0.003 -17"><span class='ocrx_word' id='word_1_33' title='bbox 151 651 183 685; x_wconf 85' lang='lat' dir='ltr'><strong>ac</strong></span> <span class='ocrx_word' id='word_1_34' title='bbox 197 649 246 701; x_wconf 91' lang='lat' dir='ltr'><strong>per</strong></span> <span class='ocrx_word' id='word_1_35' title='bbox 261 648 339 684; x_wconf 88' lang='lat' dir='ltr'><strong>omne</strong></span> <span class='ocrx_word' id='word_1_36' title='bbox 353 631 411 683; x_wconf 88' lang='lat' dir='ltr'><strong>fere</strong></span> <span class='ocrx_word' id='word_1_37' title='bbox 425 631 560 698; x_wconf 87' lang='lat' dir='ltr'><strong>pueritiae</strong></span> <span class='ocrx_word' id='word_1_38' title='bbox 572 636 653 698; x_wconf 88' lang='lat' dir='ltr'><strong>atque</strong></span> <span class='ocrx_word' id='word_1_39' title='bbox 664 628 868 682; x_wconf 80' lang='lat' dir='ltr'><strong>adolescentiae</strong></span> <span class='ocrx_word' id='word_1_40' title='bbox 879 636 950 682; x_wconf 87' lang='lat' dir='ltr'><strong>tem·</strong></span> 
     </span>
     <span class='ocr_line' id='line_1_7' title="bbox 149 703 948 778; baseline -0.004 -18"><span class='ocrx_word' id='word_1_41' title='bbox 149 726 201 778; x_wconf 92' lang='lat' dir='ltr'><strong>pus</strong></span> <span class='ocrx_word' id='word_1_42' title='bbox 212 709 296 759; x_wconf 86' lang='lat' dir='ltr'><strong>variis</strong></span> <span class='ocrx_word' id='word_1_43' title='bbox 307 713 334 757; x_wconf 91' lang='lat' dir='ltr'><strong>et</strong></span> <span class='ocrx_word' id='word_1_44' title='bbox 343 707 486 758; x_wconf 82' lang='lat' dir='ltr'><strong>tenacibus</strong></span> <span class='ocrx_word' id='word_1_45' title='bbox 496 706 601 757; x_wconf 86' lang='lat' dir='ltr'><strong>morbis</strong></span> <span class='ocrx_word' id='word_1_46' title='bbox 613 703 787 756; x_wconf 70' lang='lat' dir='ltr'><strong>conflictatus</strong></span> <span class='ocrx_word' id='word_1_47' title='bbox 797 711 852 764; x_wconf 86' lang='lat' dir='ltr'><strong>est;</strong></span> <span class='ocrx_word' id='word_1_48' title='bbox 874 705 948 758; x_wconf 84' lang='lat' dir='ltr'><strong>adeo</strong></span> 
     </span>
     <span class='ocr_line' id='line_1_8' title="bbox 149 779 950 847; baseline -0.002 -14"><span class='ocrx_word' id='word_1_49' title='bbox 149 790 192 846; x_wconf 88' lang='lat' dir='ltr'><strong>ut,</strong></span> <span class='ocrx_word' id='word_1_50' title='bbox 209 783 300 833; x_wconf 89' lang='lat' dir='ltr'><strong>animo</strong></span> <span class='ocrx_word' id='word_1_51' title='bbox 315 782 398 832; x_wconf 91' lang='lat' dir='ltr'><strong>simul</strong></span> <span class='ocrx_word' id='word_1_52' title='bbox 411 787 439 832; x_wconf 91' lang='lat' dir='ltr'><strong>et</strong></span> <span class='ocrx_word' id='word_1_53' title='bbox 454 795 570 847; x_wconf 89' lang='lat' dir='ltr'><strong>corpore</strong></span> <span class='ocrx_word' id='word_1_54' title='bbox 585 779 726 842; x_wconf 86' lang='lat' dir='ltr'><strong>hebetato,</strong></span> <span class='ocrx_word' id='word_1_55' title='bbox 747 795 781 830; x_wconf 87' lang='lat' dir='ltr'><strong>ne</strong></span> <span class='ocrx_word' id='word_1_56' title='bbox 796 795 950 847; x_wconf 78' lang='lat' dir='ltr'><strong>progressa</strong></span> 
     </span>
     <span class='ocr_line' id='line_1_9' title="bbox 151 853 949 925; baseline -0.001 -18"><span class='ocrx_word' id='word_1_57' title='bbox 151 857 260 925; x_wconf 89' lang='lat' dir='ltr'><strong>quidem</strong></span> <span class='ocrx_word' id='word_1_58' title='bbox 276 861 365 908; x_wconf 86' lang='lat' dir='ltr'><strong>aetate</strong></span> <span class='ocrx_word' id='word_1_59' title='bbox 379 854 430 906; x_wconf 92' lang='lat' dir='ltr'><strong>ulli</strong></span> <span class='ocrx_word' id='word_1_60' title='bbox 443 855 554 923; x_wconf 89' lang='lat' dir='ltr'><strong>publico</strong></span> <span class='ocrx_word' id='word_1_61' title='bbox 570 856 711 924; x_wconf 86' lang='lat' dir='ltr'><strong>privatove</strong></span> <span class='ocrx_word' id='word_1_62' title='bbox 725 855 832 906; x_wconf 87' lang='lat' dir='ltr'><strong>muneri</strong></span> <span class='ocrx_word' id='word_1_63' title='bbox 843 853 949 906; x_wconf 83' lang='lat' dir='ltr'><strong>habilis</strong></span> 
     </span>
     <span class='ocr_line' id='line_1_10' title="bbox 151 928 949 1000; baseline 0.003 -18"><span class='ocrx_word' id='word_1_64' title='bbox 151 931 362 982; x_wconf 76' lang='lat' dir='ltr'><strong>existimaretur.</strong></span> <span class='ocrx_word' id='word_1_65' title='bbox 402 928 470 994; x_wconf 89' lang='lat' dir='ltr'><strong>Diu,</strong></span> <span class='ocrx_word' id='word_1_66' title='bbox 488 936 569 1000; x_wconf 86' lang='lat' dir='ltr'><strong>atque</strong></span> <span class='ocrx_word' id='word_1_67' title='bbox 580 931 663 981; x_wconf 89' lang='lat' dir='ltr'><strong>etiam</strong></span> <span class='ocrx_word' id='word_1_68' title='bbox 673 933 737 997; x_wconf 87' lang='lat' dir='ltr'><strong>post</strong></span> <span class='ocrx_word' id='word_1_69' title='bbox 746 928 861 980; x_wconf 82' lang='lat' dir='ltr'><strong>tutelam</strong></span> <span class='ocrx_word' id='word_1_70' title='bbox 872 947 949 984; x_wconf 85' lang='lat' dir='ltr'><strong>rece·</strong></span> 
     </span>
     <span class='ocr_line' id='line_1_11' title="bbox 150 1003 948 1075; baseline 0 -18"><span class='ocrx_word' id='word_1_71' title='bbox 150 1012 238 1075; x_wconf 87' lang='lat' dir='ltr'><strong>ptam,</strong></span> <span class='ocrx_word' id='word_1_72' title='bbox 260 1007 344 1057; x_wconf 88' lang='lat' dir='ltr'><strong>alieni</strong></span> <span class='ocrx_word' id='word_1_73' title='bbox 355 1005 475 1070; x_wconf 85' lang='lat' dir='ltr'><strong>arbitrii,</strong></span> <span class='ocrx_word' id='word_1_74' title='bbox 497 1012 524 1056; x_wconf 86' lang='lat' dir='ltr'><strong>et</strong></span> <span class='ocrx_word' id='word_1_75' title='bbox 538 1006 588 1056; x_wconf 90' lang='lat' dir='ltr'><strong>sub</strong></span> <span class='ocrx_word' id='word_1_76' title='bbox 604 1005 765 1072; x_wconf 83' lang='lat' dir='ltr'><strong>paedagogo</strong></span> <span class='ocrx_word' id='word_1_77' title='bbox 777 1003 843 1066; x_wconf 68' lang='lat' dir='ltr'><strong>nnn</strong></span> <span class='ocrx_word' id='word_1_78' title='bbox 864 1022 948 1074; x_wconf 85' lang='lat' dir='ltr'><strong>quem</strong></span> 
     </span>
     <span class='ocr_line' id='line_1_12' title="bbox 151 1078 951 1146; baseline -0.003 -14"><span class='ocrx_word' id='word_1_79' title='bbox 151 1081 292 1134; x_wconf 82' lang='lat' dir='ltr'><strong>lardarum</strong></span> <span class='ocrx_word' id='word_1_80' title='bbox 302 1089 330 1132; x_wconf 83' lang='lat' dir='ltr'><strong>et</strong></span> <span class='ocrx_word' id='word_1_81' title='bbox 338 1080 399 1131; x_wconf 84' lang='lat' dir='ltr'><strong>olim</strong></span> <span class='ocrx_word' id='word_1_82' title='bbox 409 1079 684 1146; x_wconf 76' lang='lat' dir='ltr'><strong>superiumentarium,</strong></span> <span class='ocrx_word' id='word_1_83' title='bbox 707 1095 738 1130; x_wconf 83' lang='lat' dir='ltr'><strong>ex</strong></span> <span class='ocrx_word' id='word_1_84' title='bbox 752 1078 886 1130; x_wconf 73' lang='lat' dir='ltr'><strong>industria</strong></span> <span class='ocrx_word' id='word_1_85' title='bbox 898 1080 951 1131; x_wconf 68' lang='lat' dir='ltr'><strong>riba·</strong></span> 
     </span>
     <span class='ocr_line' id='line_1_13' title="bbox 150 1153 948 1224; baseline -0.003 -18"><span class='ocrx_word' id='word_1_86' title='bbox 150 1157 305 1224; x_wconf 76' lang='lat' dir='ltr'><strong>appositum,</strong></span> <span class='ocrx_word' id='word_1_87' title='bbox 317 1165 349 1207; x_wconf 84' lang='lat' dir='ltr'><strong>ut</strong></span> <span class='ocrx_word' id='word_1_88' title='bbox 357 1171 384 1206; x_wconf 84' lang='lat' dir='ltr'><strong>ee</strong></span> <span class='ocrx_word' id='word_1_89' title='bbox 394 1155 588 1221; x_wconf 75' lang='lat' dir='ltr'><strong>quibuscunque</strong></span> <span class='ocrx_word' id='word_1_90' title='bbox 599 1155 629 1205; x_wconf 86' lang='lat' dir='ltr'><strong>de</strong></span> <span class='ocrx_word' id='word_1_91' title='bbox 640 1153 725 1206; x_wconf 79' lang='lat' dir='ltr'><strong>courir</strong></span> <span class='ocrx_word' id='word_1_92' title='bbox 736 1169 815 1220; x_wconf 78' lang='lat' dir='ltr'><strong>quam</strong></span> <span class='ocrx_word' id='word_1_93' title='bbox 826 1154 948 1206; x_wconf 74' lang='lat' dir='ltr'><strong>remissi-</strong></span> 
     </span>
     <span class='ocr_line' id='line_1_14' title="bbox 149 1229 947 1298; baseline -0.003 -16"><span class='ocrx_word' id='word_1_94' title='bbox 149 1248 189 1282; x_wconf 87' lang='lat' dir='ltr'><strong>me</strong></span> <span class='ocrx_word' id='word_1_95' title='bbox 199 1235 340 1293; x_wconf 75' lang='lat' dir='ltr'><strong>eot&#39;reeret,</strong></span> <span class='ocrx_word' id='word_1_96' title='bbox 360 1231 420 1298; x_wconf 90' lang='lat' dir='ltr'><strong>ipse</strong></span> <span class='ocrx_word' id='word_1_97' title='bbox 436 1229 555 1298; x_wconf 89' lang='lat' dir='ltr'><strong>quodam</strong></span> <span class='ocrx_word' id='word_1_98' title='bbox 570 1230 664 1281; x_wconf 87' lang='lat' dir='ltr'><strong>libello</strong></span> <span class='ocrx_word' id='word_1_99' title='bbox 677 1229 862 1296; x_wconf 78' lang='lat' dir='ltr'><strong>conqueritur.</strong></span> <span class='ocrx_word' id='word_1_100' title='bbox 904 1230 947 1282; x_wconf 85' lang='lat' dir='ltr'><strong>Ob</strong></span> 
     </span>
     <span class='ocr_line' id='line_1_15' title="bbox 149 1303 1009 1372; baseline 0.001 -16"><span class='ocrx_word' id='word_1_101' title='bbox 149 1304 220 1358; x_wconf 85' lang='lat' dir='ltr'><strong>bano</strong></span> <span class='ocrx_word' id='word_1_102' title='bbox 240 1307 353 1358; x_wconf 87' lang='lat' dir='ltr'><strong>eandem</strong></span> <span class='ocrx_word' id='word_1_103' title='bbox 374 1304 557 1356; x_wconf 87' lang='lat' dir='ltr'><strong>valetudinem</strong></span> <span class='ocrx_word' id='word_1_104' title='bbox 578 1309 605 1355; x_wconf 88' lang='lat' dir='ltr'><strong>et</strong></span> <span class='ocrx_word' id='word_1_105' title='bbox 628 1303 796 1372; x_wconf 81' lang='lat' dir='ltr'><strong>gladiatorio</strong></span> <span class='ocrx_word' id='word_1_106' title='bbox 821 1320 946 1369; x_wconf 87' lang='lat' dir='ltr'><strong>munere,</strong></span> <span class='ocrx_word' id='word_1_107' title='bbox 1008 1335 1009 1344; x_wconf 75' lang='lat'><strong>.</strong></span> 
     </span>
     <span class='ocr_line' id='line_1_16' title="bbox 149 1379 1009 1448; baseline -0.001 -18"><span class='ocrx_word' id='word_1_108' title='bbox 149 1381 224 1448; x_wconf 87' lang='lat' dir='ltr'><strong>quod</strong></span> <span class='ocrx_word' id='word_1_109' title='bbox 235 1381 317 1432; x_wconf 91' lang='lat' dir='ltr'><strong>simul</strong></span> <span class='ocrx_word' id='word_1_110' title='bbox 328 1396 388 1431; x_wconf 87' lang='lat' dir='ltr'><strong>cnm</strong></span> <span class='ocrx_word' id='word_1_111' title='bbox 399 1379 484 1432; x_wconf 76' lang='lat' dir='ltr'><strong>fratre</strong></span> <span class='ocrx_word' id='word_1_112' title='bbox 494 1379 643 1431; x_wconf 88' lang='lat' dir='ltr'><strong>memoriae</strong></span> <span class='ocrx_word' id='word_1_113' title='bbox 654 1379 742 1446; x_wconf 86' lang='lat' dir='ltr'><strong>patris</strong></span> <span class='ocrx_word' id='word_1_114' title='bbox 753 1379 864 1442; x_wconf 89' lang='lat' dir='ltr'><strong>edebat,</strong></span> <span class='ocrx_word' id='word_1_115' title='bbox 886 1380 947 1447; x_wconf 88' lang='lat' dir='ltr'><strong>pal·</strong></span> <span class='ocrx_word' id='word_1_116' title='bbox 1008 1379 1009 1386; x_wconf 76' lang='grc'>’</span> 
     </span>
     <span class='ocr_line' id='line_1_17' title="bbox 149 1447 1009 1522; baseline 0.002 -18"><span class='ocrx_word' id='word_1_117' title='bbox 149 1455 262 1506; x_wconf 88' lang='lat' dir='ltr'><strong>liolatus</strong></span> <span class='ocrx_word' id='word_1_118' title='bbox 281 1470 353 1506; x_wconf 91' lang='lat' dir='ltr'><strong>novo</strong></span> <span class='ocrx_word' id='word_1_119' title='bbox 375 1471 451 1508; x_wconf 89' lang='lat' dir='ltr'><strong>more</strong></span> <span class='ocrx_word' id='word_1_120' title='bbox 471 1454 621 1522; x_wconf 82' lang='lat' dir='ltr'><strong>praesedit,</strong></span> <span class='ocrx_word' id='word_1_121' title='bbox 643 1460 670 1504; x_wconf 89' lang='lat' dir='ltr'><strong>et</strong></span> <span class='ocrx_word' id='word_1_122' title='bbox 689 1462 771 1520; x_wconf 84' lang='lat' dir='ltr'><strong>togae</strong></span> <span class='ocrx_word' id='word_1_123' title='bbox 785 1453 875 1505; x_wconf 86' lang='lat' dir='ltr'><strong>virilis</strong></span> <span class='ocrx_word' id='word_1_124' title='bbox 891 1455 947 1519; x_wconf 91' lang='lat' dir='ltr'><strong>die,</strong></span> <span class='ocrx_word' id='word_1_125' title='bbox 1008 1447 1009 1450; x_wconf 29' lang='lat'>¹</span> 
     </span>
     <span class='ocr_line' id='line_1_18' title="bbox 151 1528 948 1592; baseline 0 -10"><span class='ocrx_word' id='word_1_126' title='bbox 151 1531 224 1582; x_wconf 88' lang='lat' dir='ltr'><strong>circa</strong></span> <span class='ocrx_word' id='word_1_127' title='bbox 233 1531 351 1582; x_wconf 87' lang='lat' dir='ltr'><strong>mediam</strong></span> <span class='ocrx_word' id='word_1_128' title='bbox 363 1536 484 1592; x_wconf 91' lang='lat' dir='ltr'><strong>noctem,</strong></span> <span class='ocrx_word' id='word_1_129' title='bbox 506 1530 564 1580; x_wconf 82' lang='lat' dir='ltr'><strong>sine</strong></span> <span class='ocrx_word' id='word_1_130' title='bbox 574 1528 703 1580; x_wconf 84' lang='lat' dir='ltr'><strong>sollemni</strong></span> <span class='ocrx_word' id='word_1_131' title='bbox 718 1529 824 1590; x_wconf 86' lang='lat' dir='ltr'><strong>officio,</strong></span> <span class='ocrx_word' id='word_1_132' title='bbox 845 1529 948 1582; x_wconf 84' lang='lat' dir='ltr'><strong>lectica</strong></span> 
     </span>
     <span class='ocr_line' id='line_1_19' title="bbox 148 1605 1010 1676; baseline -0.006 -20"><span class='ocrx_word' id='word_1_133' title='bbox 148 1606 176 1656; x_wconf 91' lang='lat' dir='ltr'><strong>in</strong></span> <span class='ocrx_word' id='word_1_134' title='bbox 189 1605 355 1672; x_wconf 84' lang='lat' dir='ltr'><strong>Capitolium</strong></span> <span class='ocrx_word' id='word_1_135' title='bbox 366 1605 439 1654; x_wconf 87' lang='lat' dir='ltr'><strong>latus</strong></span> <span class='ocrx_word' id='word_1_136' title='bbox 449 1610 499 1654; x_wconf 87' lang='lat' dir='ltr'><strong>est.</strong></span> <span class='ocrx_word' id='word_1_137' title='bbox 1009 1655 1010 1676; x_wconf 62' lang='lat'><strong>,</strong></span> 
     </span>
    </p>

    <p class='ocr_par' dir='ltr' id='par_1_3' title="bbox 146 1677 1010 2796">
     <span class='ocr_line' id='line_1_20' title="bbox 204 1677 1010 1747; baseline 0.006 -19"><span class='ocrx_word' id='word_1_138' title='bbox 204 1679 252 1729; x_wconf 91' lang='lat' dir='ltr'><strong>lll.</strong></span> <span class='ocrx_word' id='word_1_139' title='bbox 263 1678 427 1746; x_wconf 86' lang='lat' dir='ltr'><strong>Disciplinis</strong></span> <span class='ocrx_word' id='word_1_140' title='bbox 437 1683 528 1730; x_wconf 89' lang='lat' dir='ltr'><strong>tamen</strong></span> <span class='ocrx_word' id='word_1_141' title='bbox 538 1679 701 1731; x_wconf 88' lang='lat' dir='ltr'><strong>liberalibus</strong></span> <span class='ocrx_word' id='word_1_142' title='bbox 712 1680 748 1729; x_wconf 91' lang='lat' dir='ltr'><strong>ab</strong></span> <span class='ocrx_word' id='word_1_143' title='bbox 753 1683 845 1730; x_wconf 87' lang='lat' dir='ltr'><strong>aetate</strong></span> <span class='ocrx_word' id='word_1_144' title='bbox 855 1682 948 1747; x_wconf 86' lang='lat' dir='ltr'><strong>prima</strong></span> <span class='ocrx_word' id='word_1_145' title='bbox 1009 1677 1010 1718; x_wconf 60' lang='grc' dir='ltr'>ἶ</span> 
     </span>
     <span class='ocr_line' id='line_1_21' title="bbox 149 1753 948 1822; baseline 0.004 -18"><span class='ocrx_word' id='word_1_146' title='bbox 149 1769 206 1804; x_wconf 90' lang='lat' dir='ltr'><strong>non</strong></span> <span class='ocrx_word' id='word_1_147' title='bbox 216 1753 381 1805; x_wconf 84' lang='lat' dir='ltr'><strong>mediocrem</strong></span> <span class='ocrx_word' id='word_1_148' title='bbox 393 1769 505 1821; x_wconf 88' lang='lat' dir='ltr'><strong>operam</strong></span> <span class='ocrx_word' id='word_1_149' title='bbox 517 1754 605 1819; x_wconf 88' lang='lat' dir='ltr'><strong>dedit,</strong></span> <span class='ocrx_word' id='word_1_150' title='bbox 617 1769 650 1804; x_wconf 88' lang='lat' dir='ltr'><strong>ac</strong></span> <span class='ocrx_word' id='word_1_151' title='bbox 664 1769 746 1822; x_wconf 87' lang='lat' dir='ltr'><strong>saepe</strong></span> <span class='ocrx_word' id='word_1_152' title='bbox 757 1755 948 1820; x_wconf 78' lang='lat' dir='ltr'><strong>experimenta</strong></span> 
     </span>
     <span class='ocr_line' id='line_1_22' title="bbox 151 1827 948 1898; baseline 0.008 -21"><span class='ocrx_word' id='word_1_153' title='bbox 151 1828 281 1896; x_wconf 86' lang='lat' dir='ltr'><strong>cuiusque</strong></span> <span class='ocrx_word' id='word_1_154' title='bbox 301 1829 384 1881; x_wconf 90' lang='lat' dir='ltr'><strong>etiam</strong></span> <span class='ocrx_word' id='word_1_155' title='bbox 404 1829 564 1896; x_wconf 87' lang='lat' dir='ltr'><strong>publicavit.</strong></span> <span class='ocrx_word' id='word_1_156' title='bbox 602 1827 705 1880; x_wconf 89' lang='lat' dir='ltr'><strong>Verum</strong></span> <span class='ocrx_word' id='word_1_157' title='bbox 724 1831 821 1888; x_wconf 83' lang='lat' dir='ltr'><strong>nesio</strong></span> <span class='ocrx_word' id='word_1_158' title='bbox 836 1831 948 1898; x_wconf 89' lang='lat' dir='ltr'><strong>quidem</strong></span> 
     </span>
     <span class='ocr_line' id='line_1_23' title="bbox 150 1902 948 1972; baseline 0.005 -18"><span class='ocrx_word' id='word_1_159' title='bbox 150 1904 296 1972; x_wconf 90' lang='lat' dir='ltr'><strong>quicquam</strong></span> <span class='ocrx_word' id='word_1_160' title='bbox 308 1905 450 1972; x_wconf 80' lang='lat' dir='ltr'><strong>dignitatis</strong></span> <span class='ocrx_word' id='word_1_161' title='bbox 462 1905 584 1972; x_wconf 89' lang='lat' dir='ltr'><strong>assequi,</strong></span> <span class='ocrx_word' id='word_1_162' title='bbox 596 1910 645 1956; x_wconf 90' lang='lat' dir='ltr'><strong>ant</strong></span> <span class='ocrx_word' id='word_1_163' title='bbox 654 1919 729 1971; x_wconf 90' lang='lat' dir='ltr'><strong>spem</strong></span> <span class='ocrx_word' id='word_1_164' title='bbox 741 1902 814 1956; x_wconf 86' lang='lat' dir='ltr'><strong>dese</strong></span> <span class='ocrx_word' id='word_1_165' title='bbox 826 1921 948 1958; x_wconf 90' lang='lat' dir='ltr'><strong>commo-</strong></span> 
     </span>
     <span class='ocr_line' id='line_1_24' title="bbox 150 1978 948 2047; baseline 0.004 -18"><span class='ocrx_word' id='word_1_166' title='bbox 150 1979 255 2031; x_wconf 91' lang='lat' dir='ltr'><strong>diorem</strong></span> <span class='ocrx_word' id='word_1_167' title='bbox 270 1981 453 2047; x_wconf 87' lang='lat' dir='ltr'><strong>inposterum</strong></span> <span class='ocrx_word' id='word_1_168' title='bbox 471 1980 562 2031; x_wconf 85' lang='lat' dir='ltr'><strong>lacere</strong></span> <span class='ocrx_word' id='word_1_169' title='bbox 581 1979 680 2046; x_wconf 89' lang='lat' dir='ltr'><strong>potuit.</strong></span> <span class='ocrx_word' id='word_1_170' title='bbox 719 1978 810 2030; x_wconf 83' lang='lat' dir='ltr'><strong>Mater</strong></span> <span class='ocrx_word' id='word_1_171' title='bbox 826 1981 948 2032; x_wconf 78' lang='lat' dir='ltr'><strong>Antonia</strong></span> 
     </span>
     <span class='ocr_line' id='line_1_25' title="bbox 146 2053 948 2121; baseline 0.004 -17"><span class='ocrx_word' id='word_1_172' title='bbox 146 2063 299 2121; x_wconf 81' lang='lat' dir='ltr'><strong>portentum</strong></span> <span class='ocrx_word' id='word_1_173' title='bbox 317 2071 375 2106; x_wconf 89' lang='lat' dir='ltr'><strong>eum</strong></span> <span class='ocrx_word' id='word_1_174' title='bbox 394 2053 506 2106; x_wconf 73' lang='lat' dir='ltr'><strong>leontinis</strong></span> <span class='ocrx_word' id='word_1_175' title='bbox 521 2054 678 2117; x_wconf 87' lang='lat' dir='ltr'><strong>dictitabat,</strong></span> <span class='ocrx_word' id='word_1_176' title='bbox 700 2069 747 2104; x_wconf 81' lang='lat' dir='ltr'><strong>nec</strong></span> <span class='ocrx_word' id='word_1_177' title='bbox 767 2054 916 2110; x_wconf 71' lang='lat' dir='ltr'><strong>absolutum</strong></span> <span class='ocrx_word' id='word_1_178' title='bbox 930 2073 948 2106; x_wconf 81' lang='lat' dir='ltr'><strong>a</strong></span> 
     </span>
     <span class='ocr_line' id='line_1_26' title="bbox 151 2127 947 2196; baseline 0.005 -18"><span class='ocrx_word' id='word_1_179' title='bbox 151 2137 257 2191; x_wconf 81' lang='lat' dir='ltr'><strong>natura,</strong></span> <span class='ocrx_word' id='word_1_180' title='bbox 270 2130 317 2180; x_wconf 82' lang='lat' dir='ltr'><strong>sed</strong></span> <span class='ocrx_word' id='word_1_181' title='bbox 326 2138 429 2180; x_wconf 79' lang='lat' dir='ltr'><strong>tantum</strong></span> <span class='ocrx_word' id='word_1_182' title='bbox 439 2127 590 2180; x_wconf 73' lang='lat' dir='ltr'><strong>inchoatum</strong></span> <span class='ocrx_word' id='word_1_183' title='bbox 595 2145 608 2189; x_wconf 90' lang='lat'><em>;</em></span> <span class='ocrx_word' id='word_1_184' title='bbox 619 2144 660 2192; x_wconf 86' lang='lat' dir='ltr'><strong>ac,</strong></span> <span class='ocrx_word' id='word_1_185' title='bbox 672 2128 697 2178; x_wconf 88' lang='lat' dir='ltr'><strong>si</strong></span> <span class='ocrx_word' id='word_1_186' title='bbox 708 2143 787 2196; x_wconf 87' lang='lat' dir='ltr'><strong>quem</strong></span> <span class='ocrx_word' id='word_1_187' title='bbox 798 2129 947 2182; x_wconf 88' lang='lat' dir='ltr'><strong>socordiae</strong></span> 
     </span>
     <span class='ocr_line' id='line_1_27' title="bbox 152 2201 949 2272; baseline 0.006 -21"><span class='ocrx_word' id='word_1_188' title='bbox 152 2208 291 2268; x_wconf 83' lang='lat' dir='ltr'><strong>argueret,</strong></span> <span class='ocrx_word' id='word_1_189' title='bbox 312 2203 457 2255; x_wconf 77' lang='lat' dir='ltr'><strong>stultiorem</strong></span> <span class='ocrx_word' id='word_1_190' title='bbox 476 2202 568 2254; x_wconf 88' lang='lat' dir='ltr'><strong>aiebat</strong></span> <span class='ocrx_word' id='word_1_191' title='bbox 575 2202 637 2272; x_wconf 76' lang='lat' dir='ltr'><strong>fillo</strong></span> <span class='ocrx_word' id='word_1_192' title='bbox 655 2218 702 2253; x_wconf 82' lang='lat' dir='ltr'><strong>ruo</strong></span> <span class='ocrx_word' id='word_1_193' title='bbox 718 2201 837 2254; x_wconf 77' lang='lat' dir='ltr'><strong>Claudio.</strong></span> <span class='ocrx_word' id='word_1_194' title='bbox 877 2204 949 2256; x_wconf 78' lang='lat' dir='ltr'><strong>Avia</strong></span> 
     </span>
     <span class='ocr_line' id='line_1_28' title="bbox 151 2275 949 2346; baseline 0.006 -20"><span class='ocrx_word' id='word_1_195' title='bbox 151 2276 276 2343; x_wconf 80' lang='lat' dir='ltr'><strong>Augusta</strong></span> <span class='ocrx_word' id='word_1_196' title='bbox 290 2293 339 2344; x_wconf 89' lang='lat' dir='ltr'><strong>pro</strong></span> <span class='ocrx_word' id='word_1_197' title='bbox 355 2276 561 2346; x_wconf 87' lang='lat' dir='ltr'><strong>despectissimo</strong></span> <span class='ocrx_word' id='word_1_198' title='bbox 576 2293 683 2345; x_wconf 85' lang='lat' dir='ltr'><strong>semper</strong></span> <span class='ocrx_word' id='word_1_199' title='bbox 697 2275 806 2328; x_wconf 82' lang='lat' dir='ltr'><strong>habuit:</strong></span> <span class='ocrx_word' id='word_1_200' title='bbox 827 2294 887 2330; x_wconf 86' lang='lat' dir='ltr'><strong>nou</strong></span> <span class='ocrx_word' id='word_1_201' title='bbox 908 2279 949 2330; x_wconf 86' lang='lat' dir='ltr'><strong>af-</strong></span> 
     </span>
     <span class='ocr_line' id='line_1_29' title="bbox 152 2351 949 2417; baseline 0.003 -15"><span class='ocrx_word' id='word_1_202' title='bbox 152 2351 215 2415; x_wconf 87' lang='lat' dir='ltr'><strong>fari,</strong></span> <span class='ocrx_word' id='word_1_203' title='bbox 226 2351 282 2402; x_wconf 89' lang='lat' dir='ltr'><strong>nisi</strong></span> <span class='ocrx_word' id='word_1_204' title='bbox 291 2352 445 2415; x_wconf 81' lang='lat' dir='ltr'><strong>rarissime3</strong></span> <span class='ocrx_word' id='word_1_205' title='bbox 460 2367 516 2404; x_wconf 90' lang='lat' dir='ltr'><strong>non</strong></span> <span class='ocrx_word' id='word_1_206' title='bbox 525 2367 645 2417; x_wconf 87' lang='lat' dir='ltr'><strong>monere,</strong></span> <span class='ocrx_word' id='word_1_207' title='bbox 656 2352 711 2402; x_wconf 88' lang='lat' dir='ltr'><strong>nisi</strong></span> <span class='ocrx_word' id='word_1_208' title='bbox 721 2353 821 2404; x_wconf 88' lang='lat' dir='ltr'><strong>acerbo</strong></span> <span class='ocrx_word' id='word_1_209' title='bbox 833 2360 862 2405; x_wconf 89' lang='lat' dir='ltr'><strong>et</strong></span> <span class='ocrx_word' id='word_1_210' title='bbox 871 2354 949 2405; x_wconf 90' lang='lat' dir='ltr'><strong>brevi</strong></span> 
     </span>
     <span class='ocr_line' id='line_1_30' title="bbox 153 2426 947 2494; baseline 0.003 -18"><span class='ocrx_word' id='word_1_211' title='bbox 153 2427 266 2493; x_wconf 88' lang='lat' dir='ltr'><strong>scripto,</strong></span> <span class='ocrx_word' id='word_1_212' title='bbox 279 2431 327 2478; x_wconf 88' lang='lat' dir='ltr'><strong>aut</strong></span> <span class='ocrx_word' id='word_1_213' title='bbox 336 2442 385 2494; x_wconf 88' lang='lat' dir='ltr'><strong>per</strong></span> <span class='ocrx_word' id='word_1_214' title='bbox 393 2427 589 2492; x_wconf 86' lang='lat' dir='ltr'><strong>internuncios,</strong></span> <span class='ocrx_word' id='word_1_215' title='bbox 601 2427 695 2480; x_wconf 86' lang='lat' dir='ltr'><strong>solita.</strong></span> <span class='ocrx_word' id='word_1_216' title='bbox 735 2426 823 2479; x_wconf 84' lang='lat' dir='ltr'><strong>Soror</strong></span> <span class='ocrx_word' id='word_1_217' title='bbox 832 2426 947 2493; x_wconf 88' lang='lat' dir='ltr'><strong>Livilla,</strong></span> 
     </span>
     <span class='ocr_line' id='line_1_31' title="bbox 153 2502 949 2571; baseline 0.003 -19"><span class='ocrx_word' id='word_1_218' title='bbox 153 2516 236 2568; x_wconf 90' lang='lat' dir='ltr'><strong>quum</strong></span> <span class='ocrx_word' id='word_1_219' title='bbox 257 2502 380 2554; x_wconf 88' lang='lat' dir='ltr'><strong>audisset</strong></span> <span class='ocrx_word' id='word_1_220' title='bbox 398 2502 563 2571; x_wconf 87' lang='lat' dir='ltr'><strong>quaudoque</strong></span> <span class='ocrx_word' id='word_1_221' title='bbox 581 2502 793 2570; x_wconf 84' lang='lat' dir='ltr'><strong>imperaturum,</strong></span> <span class='ocrx_word' id='word_1_222' title='bbox 817 2507 876 2553; x_wconf 84' lang='lat' dir='ltr'><strong>tam</strong></span> <span class='ocrx_word' id='word_1_223' title='bbox 896 2505 949 2554; x_wconf 86' lang='lat' dir='ltr'><strong>ini-</strong></span> 
     </span>
     <span class='ocr_line' id='line_1_32' title="bbox 153 2575 949 2644; baseline 0.004 -19"><span class='ocrx_word' id='word_1_224' title='bbox 153 2590 234 2641; x_wconf 87' lang='lat' dir='ltr'><strong>quam</strong></span> <span class='ocrx_word' id='word_1_225' title='bbox 245 2581 274 2626; x_wconf 88' lang='lat' dir='ltr'><strong>et</strong></span> <span class='ocrx_word' id='word_1_226' title='bbox 282 2582 338 2628; x_wconf 85' lang='lat' dir='ltr'><strong>tam</strong></span> <span class='ocrx_word' id='word_1_227' title='bbox 349 2577 490 2644; x_wconf 78' lang='lat' dir='ltr'><strong>indignam</strong></span> <span class='ocrx_word' id='word_1_228' title='bbox 505 2583 607 2628; x_wconf 86' lang='lat' dir='ltr'><strong>sortem</strong></span> <span class='ocrx_word' id='word_1_229' title='bbox 617 2576 716 2644; x_wconf 92' lang='lat' dir='ltr'><strong>populi</strong></span> <span class='ocrx_word' id='word_1_230' title='bbox 725 2575 846 2627; x_wconf 86' lang='lat' dir='ltr'><strong>Romani</strong></span> <span class='ocrx_word' id='word_1_231' title='bbox 855 2578 949 2644; x_wconf 85' lang='lat' dir='ltr'><strong>palam</strong></span> 
     </span>
     <span class='ocr_line' id='line_1_33' title="bbox 153 2649 949 2704; baseline 0.008 -6"><span class='ocrx_word' id='word_1_232' title='bbox 153 2654 182 2699; x_wconf 88' lang='lat' dir='ltr'><strong>et</strong></span> <span class='ocrx_word' id='word_1_233' title='bbox 191 2649 264 2701; x_wconf 87' lang='lat' dir='ltr'><strong>clare</strong></span> <span class='ocrx_word' id='word_1_234' title='bbox 276 2651 411 2704; x_wconf 88' lang='lat' dir='ltr'><strong>detestata</strong></span> <span class='ocrx_word' id='word_1_235' title='bbox 421 2658 470 2704; x_wconf 91' lang='lat' dir='ltr'><strong>est.</strong></span> <span class='ocrx_word' id='word_1_236' title='bbox 509 2651 580 2704; x_wconf 87' lang='lat' dir='ltr'><strong>Nam</strong></span> <span class='ocrx_word' id='word_1_237' title='bbox 594 2656 624 2704; x_wconf 85' lang='lat' dir='ltr'><strong>et</strong></span> <span class='ocrx_word' id='word_1_238' title='bbox 631 2649 783 2702; x_wconf 83' lang='lat' dir='ltr'><strong>avunculus</strong></span> <span class='ocrx_word' id='word_1_239' title='bbox 792 2653 885 2704; x_wconf 60' lang='lat' dir='ltr'><strong>mmor</strong></span> <span class='ocrx_word' id='word_1_240' title='bbox 895 2653 949 2704; x_wconf 83' lang='lat' dir='ltr'><strong>Au-</strong></span> 
     </span>
     <span class='ocr_line' id='line_1_34' title="bbox 153 2726 949 2796; baseline 0.01 -22"><span class='ocrx_word' id='word_1_241' title='bbox 153 2727 249 2786; x_wconf 78' lang='lat' dir='ltr'><strong>gustus</strong></span> <span class='ocrx_word' id='word_1_242' title='bbox 263 2726 330 2792; x_wconf 87' lang='lat' dir='ltr'><strong>quid</strong></span> <span class='ocrx_word' id='word_1_243' title='bbox 344 2726 377 2779; x_wconf 86' lang='lat' dir='ltr'><strong>de</strong></span> <span class='ocrx_word' id='word_1_244' title='bbox 393 2742 425 2780; x_wconf 89' lang='lat' dir='ltr'><strong>eo</strong></span> <span class='ocrx_word' id='word_1_245' title='bbox 440 2729 470 2778; x_wconf 90' lang='lat' dir='ltr'><strong>in</strong></span> <span class='ocrx_word' id='word_1_246' title='bbox 483 2731 745 2796; x_wconf 81' lang='lat' dir='ltr'><strong>utramquepartem</strong></span> <span class='ocrx_word' id='word_1_247' title='bbox 762 2727 894 2795; x_wconf 82' lang='lat' dir='ltr'><strong>opinatus</strong></span> <span class='ocrx_word' id='word_1_248' title='bbox 904 2729 949 2794; x_wconf 85' lang='lat' dir='ltr'><strong>sit,</strong></span> 
     </span>
    </p>
   </div>
   <div class='ocr_carea' id='block_1_3' title="bbox 0 0 1034 3034">
    <p class='ocr_par' dir='ltr' id='par_1_4' title="bbox 0 0 1034 3034">
     <span class='ocr_line' id='line_1_35' title="bbox 0 0 1034 3034; baseline 0 0"><span class='ocrx_word' id='word_1_249' title='bbox 0 0 1034 3034; x_wconf 95' lang='lat' dir='ltr'><strong> </strong></span> 
     </span>
    </p>
   </div>
  </div>
 </body>
</html>
