2050 3034
289 229 488 278 claumos.
526 228 603 276 cue.
624 233 647 276 1.
666 236 689 278 2.
839 233 889 286 195

88 353 234 422 peditioue
253 353 384 421 repetita,
405 365 561 422 supremum
576 355 648 406 diem
662 358 760 408 morbo
777 359 889 414 obiitin

90 429 207 480 aestivis
218 430 329 494 castris,
351 443 421 497 quae
432 444 465 480 en
476 445 509 481 eo
520 436 584 480 suut
594 430 734 499 appellata
745 431 887 486 Scelerata.

91 505 201 570 Corpus
221 504 280 554 eius
299 520 349 571 per
360 505 573 571 municipiorum
593 507 819 576 coloniarumque
834 512 888 576 pri-

88 591 195 642 mores,
216 577 428 645 suscipientibus
440 579 529 630 obviis
540 581 691 632 scribarum
702 583 835 644 decuriis,
853 585 885 633 ad

88 654 193 704 Urbem
202 653 356 718 devectum,
373 654 562 723 sepultumque
573 658 653 707 estin
663 657 766 708 Martio
779 673 886 725 campo,

91 730 218 779 Ceterum
230 729 365 779 exercitus
375 727 554 781 honorarium
566 733 591 782 ei
601 733 734 782 tumulum
746 734 885 795 excitavit,

91 804 168 854 circa
177 817 257 870 quem
267 803 396 870 deinceps
407 809 479 856 stato
492 805 537 856 die
547 808 694 873 quotannis
705 808 783 859 miles
790 809 884 859 decur-

90 883 176 941 reret,
199 876 545 945 Galliarumque-civitates
560 882 669 949 publice
689 883 883 951 supplicarent.

90 952 240 1004 Praeterea
254 959 365 1004 senatus
378 954 450 1006 iuter
465 955 521 1005 alia
540 957 682 1023 complura
701 973 883 1010 marmoreum

91 1038 187 1078 arcum
199 1043 259 1078 cum
269 1029 392 1096 tropaeis
401 1029 448 1080 via
459 1030 547 1098 Appia
558 1031 685 1094 decrevit,
697 1029 886 1084 etGermauiei

92 1116 246 1170 cognomen
255 1103 310 1170 ipsi
320 1105 491 1174 posterisque
506 1106 573 1156 cius.
612 1105 709 1156 Fuisse
725 1111 814 1157 arrtcm
830 1123 885 1158 cre-

92 1178 168 1228 ditur
176 1191 233 1228 non
243 1179 332 1229 minus
342 1178 472 1246 gloriosi,
490 1195 571 1247 quam
583 1180 671 1231 civilis
683 1181 776 1230 animi.
814 1181 885 1231 Nam

91 1267 125 1304 ex
146 1251 225 1304 hoste
246 1267 328 1320 snper
345 1255 476 1306 victorias
498 1255 591 1322 opima
612 1271 721 1324 quoque
736 1255 827 1322 spolia
842 1271 885 1306 ca-

90 1333 197 1396 ptasse,
218 1341 379 1396 summoque
389 1330 499 1397 saepius
511 1330 667 1380 discrimine
679 1330 760 1380 duces
773 1329 884 1382 Germa-

89 1417 189 1454 norum
207 1407 270 1454 tota
290 1395 349 1454 ae'ie
368 1405 528 1455 insectatus:
558 1419 609 1456 nec
628 1405 816 1457 dissimrdasse
835 1421 883 1457 nn-

89 1493 188 1545 quam,
201 1478 347 1545 pristinum
358 1495 387 1529 se
397 1479 565 1546 reipublicae
576 1485 689 1545 statum,
707 1481 883 1549 quandocun-

91 1566 147 1620 que
156 1559 262 1619 posset,
273 1554 470 1605 restituturum.
509 1555 587 1605 Unde
597 1556 723 1606 existimo
734 1557 883 1607 nonnullos

88 1625 200 1678 tradere
212 1643 307 1692 ausos,
323 1634 475 1696 suspectum
487 1646 548 1681 eum
558 1631 694 1697 Augusto,
714 1631 882 1681 revocatum·

90 1716 144 1772 qne
155 1717 189 1754 ex
199 1703 354 1770 provincia3
375 1709 410 1768 et,
422 1705 488 1771 qnia
503 1709 687 1769 cunctaretur,
702 1706 883 1772 interceptum

87 1790 205 1829 veneno.
246 1777 327 1838 Quod
337 1779 462 1845 equidem
473 1781 574 1846 magis,
585 1795 618 1830 nc
629 1781 881 1846 praetermitterem,

87 1853 180 1916 retuli,
193 1859 275 1920 quam
286 1853 351 1920 quia
359 1865 453 1904 verum
465 1859 512 1903 aut
521 1853 669 1904 verisimile
678 1861 783 1920 putem3
800 1871 882 1922 quum

87 1928 228 1994 Augustus
239 1932 383 1994 tantopere
392 1931 420 1978 et
429 1927 519 1978 dmum
531 1928 669 1989 dilexerit,
681 1934 712 1978 ut
723 1927 883 1979 coheredem

87 2007 196 2069 semper
207 2003 272 2052 tiliis
280 2003 439 2064 instituerit,
446 2003 518 2053 sicut
526 2001 665 2068 quondam
675 2002 704 2052 in
715 2007 811 2052 senatu
819 2018 883 2068 pro-

86 2077 178 2128 fessus
190 2081 243 2140 est,
258 2083 286 2128 ct
296 2076 452 2128 defimctum
463 2077 503 2127 ita
514 2092 563 2144 pro
576 2077 709 2127 concione
719 2077 882 2146 laudaverit,

85 2155 118 2202 ut
130 2151 197 2202 deos
207 2157 336 2220 precatus
347 2153 396 2215 sit,
408 2151 503 2203 similes
514 2151 539 2202 ei
549 2151 674 2202 Caesares
684 2151 881 2222 suorfccereat,

86 2223 189 2292 sibique
199 2234 254 2277 tam
265 2217 400 2298 lpnesnua
416 2228 569 2294 quandoque
579 2226 678 2278 exitium
689 2227 791 2290 darent,
804 2243 883 2294 quum

84 2300 126 2352 tat
136 2299 274 2352 derisum.
285 2301 344 2352 Nec
355 2305 505 2366 contentus,
512 2303 633 2370 elogium
642 2302 748 2354 tumulo
760 2304 881 2354 einsver-

85 2376 164 2426 sibus
176 2376 337 2443 compositis
353 2391 370 2426 a
383 2391 412 2426 se
427 2379 621 2445 exscripsisse,
643 2379 725 2429 etiam
740 2379 814 2428 vitae
827 2391 882 2426 me·

85 2452 205 2502 moriam
216 2465 301 2518 prosa
312 2451 438 2502 oratione
449 2454 613 2520 composuit.
638 2454 640 2460 '
651 2453 694 2502 Ex
703 2451 823 2502 Antonia
832 2450 882 2500 mi-

87 2539 157 2577 nore
178 2526 333 2592 complures
354 2525 462 2593 quidem
482 2527 585 2579 liberos
608 2527 685 2588 tulit3
714 2541 808 2576 verum
827 2529 883 2574 tres

87 2600 201 2651 omnino
212 2600 333 2672 reliquit,
346 2599 547 2666 Gennanicum,
557 2600 697 2662 Liuillam,
711 2598 865 2649 Claudium.

142 2674 178 2724 ll.
200 2675 333 2727 claudius
347 2681 428 2725 natus
443 2682 484 2726 est
493 2676 553 2727 iulo
565 2675 698 2736 Antonio,
713 2671 802 2722 Fabio
813 2671 884 2722 lifri-

84 2748 353 2814 eano'eonrnlilrns,
375 2747 508 2801 Kalendis
523 2749 666 2814 Augustis,
687 2745 829 2812 Lugduni,
850 2760 882 2797 eo

632 2839 681 2884 Na
