2036 3022
286 248 396 302 NERO.
430 248 510 300 CAP.
530 249 645 301 24-2t.
812 253 862 306 241

58 374 131 429 tiam
142 391 223 428 suaru
234 378 375 445 obtuderit,
385 379 431 432 vel
439 379 607 431 simultatem
621 379 764 446 indixerit,
780 388 862 450 prout

59 455 182 524 quisque
194 468 223 520 sa
234 455 322 522 magis
332 456 475 522 parciusue
486 455 635 507 laudasset.
692 467 696 478 ·
735 485 744 529 p

118 527 222 579 xxvl.
243 528 440 595 Petulantiam,
451 531 602 596 libidinem,
614 529 760 594 luxuriam,
772 531 861 581 avari·

57 605 143 666 tiens,
157 603 360 670 crudelitatem,
373 607 472 658 sensim
484 607 595 674 quidem
604 607 694 674 primu
705 612 733 658 et
743 606 858 670 oooulte,

57 677 137 730 velut
156 679 272 730 iuvenili
292 695 397 745 errore,
413 683 547 746 exercuit,
563 682 611 733 sed
625 688 657 732 ut
668 688 735 732 tunc
750 696 859 750 quoque

59 754 176 804 dubium
191 755 293 805 nemini
306 754 390 819 soret,
405 763 520 808 naturae
529 757 581 807 illa
590 757 671 821 vitia,
682 773 739 808 uon
750 758 858 820 aetatis,

60 845 130 882 csse.
175 827 245 880 Post
259 830 447 898 crepusculum
467 832 573 896 statim,
596 839 705 898 arrepto
727 833 800 898 pileo
815 832 860 883 vel

61 903 171 970 galero,
187 903 305 972 popinas
318 905 426 968 inibat3
448 906 695 974 eurumquevieos
704 908 859 974 vagabatur

60 978 243 1043 ludibundus,
259 995 309 1031 nec
323 981 382 1032 sine
397 979 517 1047 pernicie
531 987 641 1032 tamen:
662 982 797 1046 siquidem
817 999 858 1033 re-

62 1055 177 1106 deuutes
188 1069 206 1104 a
217 1069 304 1106 coena
313 1057 466 1120 verberare,
479 1071 512 1106 ac
521 1063 705 1122 repugnantes
715 1056 859 1116 vulnerare

63 1129 221 1196 cloacisque
242 1129 398 1198 demergere
420 1137 562 1192 assuerat3
596 1130 756 1181 tabernulas
776 1131 860 1182 etiam

61 1203 209 1272 effringere
229 1212 257 1257 et
270 1205 411 1273 expilare,
437 1205 570 1272 quintana
595 1205 670 1257 domi
695 1206 858 1270 constituta,

60 1280 110 1331 abi
128 1285 228 1346 partae
247 1286 274 1331 et
298 1281 334 1331 ad
354 1276 536 1333 licitationem
556 1280 720 1332 dividendae
740 1281 860 1348 praedae

60 1355 179 1422 pretium
200 1355 396 1407 absumeretur.
435 1357 475 1408 Ae
494 1371 576 1422 saepe
595 1357 624 1408 in
639 1356 776 1408 eiusmodi
790 1357 859 1406 rixis

61 1429 206 1482 ocellorum
218 1437 245 1481 et
254 1431 327 1483 vitae
338 1431 489 1500 puricellum
501 1433 579 1496 adiit,
591 1433 739 1499 aquodam
750 1432 857 1483 laticla-

58 1506 118 1569 rio,
141 1505 220 1556 cuius
239 1521 354 1560 uxorem
374 1512 579 1571 attrectaverat,
600 1523 686 1574 prope
708 1507 742 1557 ad
762 1521 857 1558 necem

58 1597 166 1632 caesus.
207 1581 299 1641 erare
308 1579 446 1649 uunquam
457 1589 555 1651 postea
565 1583 676 1651 publico
687 1598 718 1632 se
727 1582 797 1632 illud
808 1580 856 1634 ho-

57 1672 106 1708 rae
120 1657 181 1707 sine
195 1655 313 1708 tribunis
329 1659 478 1723 commisit,
495 1658 594 1727 procul
603 1665 631 1710 et
641 1657 748 1709 occulte
762 1657 855 1708 subse-

57 1730 214 1798 quentibus.
252 1731 375 1784 interdiu
394 1748 504 1801 quoque
524 1733 596 1784 olam
614 1733 766 1800 gestatoria
786 1732 856 1784 sella

58 1807 168 1859 delatus
178 1805 208 1856 in
217 1803 368 1871 theatrum,
384 1807 567 1859 seditionibus
576 1808 809 1874 pantomimorum
821 1823 855 1858 ex

57 1888 136 1948 parte
147 1881 288 1948 prosceuii
297 1882 443 1949 superiori,
455 1881 570 1948 signifer
579 1881 662 1932 simul
671 1897 705 1932 ac
715 1888 855 1947 spectator

58 1957 164 2009 aderat
194 1955 231 2007 Et
241 1971 323 2023 quum
332 1958 371 2008 ad
382 1972 478 2008 maurus
489 1961 598 2008 ventum
610 1961 690 2019 asset,
702 1954 854 2022 lapidibus.-
954 1971 956 1978 ’

57 2047 110 2098 que
120 2037 149 2084 et
157 2031 352 2084 subselliorum
364 2032 546 2100 fragminibus
557 2031 755 2094 decertaretur,
767 2030 855 2080 multa

57 2114 85 2158 et
92 2107 154 2175 ipse
162 2106 232 2158 iecit
239 2107 268 2157 lu
278 2107 423 2174 populum,
436 2115 518 2176 atque
529 2107 611 2158 etiam
622 2107 760 2173 praetoris
771 2111 854 2172 caput

57 2181 256 2233 consauciavit.
661 2203 662 2206 ¹

110 2255 227 2308 xxvu.
257 2255 405 2308 Paullatim
425 2273 489 2310 vero
515 2258 746 2314 invalescentibus
765 2257 851 2321 vitiis,

56 2331 194 2384 iocularia
209 2337 238 2382 et
250 2332 372 2384 latebras
387 2334 493 2398 omisit,
513 2334 643 2402 nullaque
659 2332 853 2385 dissimulandi

58 2422 122 2458 cura
136 2407 173 2458 ad
188 2408 296 2458 maiora
310 2407 403 2473 palam
417 2408 515 2474 erupit.
554 2407 658 2476 Epulas
673 2423 690 2459 a
704 2409 795 2460 medio
807 2406 852 2458 die

58 2482 91 2532 ad
105 2481 225 2534 mediam
239 2488 347 2534 noctem
362 2481 553 2550 protrahebat,
569 2483 674 2536 refotus
685 2483 796 2548 saepius
808 2495 851 2532 ce-

55 2555 119 2609 lidis
133 2557 262 2627 piscinis,
274 2573 307 2609 ac
319 2561 443 2626 tempore
453 2559 558 2610 aestivo
573 2559 684 2609 nivatis.
712 2557 851 2608 vcoenita-

56 2632 156 2701 batque
170 2647 367 2702 nunnunquam
381 2640 409 2685 et
422 2633 452 2683 iu
462 2633 587 2699 publico,
597 2630 763 2684 naumachia
773 2647 850 2700 prac-

55 2708 143 2774 clusa,
165 2707 210 2759 vel
224 2707 326 2760 Martio
343 2723 453 2776 eampo,
474 2707 518 2758 vel
529 2707 608 2758 Circo
624 2707 758 2771 maximo,
779 2707 852 2758 iuter

11 2797 25 2861 q
53 2790 210 2836 soenorum
220 2785 307 2836 totius
317 2784 399 2836 Urbis
415 2782 677 2850 ambubaiarumque
686 2783 849 2836 ministeria

11 2877 13 2938 ἔ
87 2878 233 2930 suares.
619 2861 643 2936 Q
