2036 3022
275 247 383 294 NERO.
419 247 498 294 GAP.
518 250 624 294 15—-20
800 247 849 298 235

48 379 110 443 pto,
132 385 239 424 vacuae
260 355 410 440 signaturis
431 373 656 434 ostenderentur;
681 387 714 422 ac
732 372 849 440 nequis

49 449 136 500 aliani
149 450 310 500 testamenti
327 450 447 518 scriptor
465 449 585 518 legatum
607 448 661 499 sibi
681 447 848 509 ascriberem

47 525 115 576 item
125 529 157 574 ut
167 523 324 592 litigatores
334 539 386 593 pro
395 525 560 593 patrociniis
575 529 677 576 certam
690 524 846 590 iustamque

49 597 217 664 mercedem,
242 615 293 668 pro
317 600 456 652 subselliis
479 599 583 652 nullam
604 598 715 651 omnino
736 598 845 661 darent,

50 675 200 743 praebente
221 675 331 726 aerario
350 677 491 743 graunta3
511 682 595 742 utque
615 691 706 727 rerum
727 679 791 725 actu
811 674 845 724 ab

51 750 161 802 aerario
178 765 278 801 causae
293 750 328 800 ad
343 750 434 803 iorum
450 765 483 800 ac
496 757 703 818 recuperatores
716 747 846 801 transfer-

50 829 164 887 rentur3
185 830 214 878 ct
222 830 254 876 ut
263 841 357 878 omnes
373 825 573 893 appellationes
584 826 748 878 aiudicibus
760 824 796 875 ad
806 838 847 874 sc·

51 906 146 952 natum
157 899 262 952 fierent.

107 973 210 1027 XVlll.
230 975 355 1042 Augendi
368 974 595 1043 propagandique
609 976 719 1043 imperii
737 991 788 1025 nec
800 991 848 1026 vo·
912 971 924 998 '⁸

52 1052 159 1102 limtate
174 1049 233 1101 ulla
246 1067 333 1118 neque
348 1065 396 1118 spe
407 1057 498 1102 inanis
508 1065 641 1116 unquam,
653 1051 734 1102 etiam
746 1064 778 1100 ex
789 1049 850 1098 Bri-

54 1126 152 1178 tannia
162 1123 296 1178 deducere
306 1126 456 1178 exercittun
472 1126 606 1192 cogitavit
617 1142 624 1187 ;
643 1141 694 1177 nec
707 1125 763 1175 nisi
776 1139 850 1175 verc-

55 1200 170 1264 aundia‚
193 1217 228 1252 ne
248 1202 403 1253 obtrectare
426 1201 549 1269 parentis
573 1200 679 1267 gloriae
698 1200 850 1262 videretur,

54 1277 170 1328 destitit.
210 1274 294 1328 Ponti
308 1277 391 1328 modo
406 1291 532 1344 regnum,
549 1276 714 1328 concedente
724 1275 851 1326 Polemo·

54 1369 102 1416 ne,
114 1352 181 1402 item
190 1347 312 1420 Alpium,
324 1351 452 1404 dehmcto
465 1353 573 1417 Cottio,
587 1353 616 1404 in
626 1352 785 1420 provinciae
795 1349 850 1403 for-

55 1443 128 1478 mam
139 1426 255 1493 redegit.
343 1459 345 1463 -

112 1501 190 1554 xlx.
209 1501 448 1569 Peregrinationes
460 1505 528 1556 duas
540 1504 651 1556 omnino
672 1502 805 1570 suscepit,
819 1501 853 1551 A·

55 1575 249 1632 lexandrinam
273 1584 300 1628 ct
320 1577 485 1631 Achaicam:
515 1579 563 1632 sed
583 1579 769 1632 Alexandrina
791 1577 852 1644 ipso

56 1652 240 1721 profectionis
255 1652 300 1704 die
314 1653 431 1718 destitit,
442 1656 569 1706 turbatus
580 1655 662 1706 simm
676 1653 811 1721 religione
822 1667 855 1702 ac

57 1727 195 1798 periurio.
233 1726 305 1778 Nam
320 1744 402 1796 quiim
418 1730 541 1782 circidtis
557 1731 665 1798 templis
679 1731 709 1780 in
724 1725 854 1780 acdeVe·

57 1811 117 1855 stae
127 1802 284 1867 resedisset,
291 1805 467 1870 consurgenti
477 1805 503 1855 ei
512 1805 630 1870 primum
640 1805 744 1856 lacinia
755 1801 855 1854 obhae-

58 1881 112 1930 sit:
133 1878 234 1940 deinde
244 1884 322 1930 tanta
333 1884 431 1930 coorta
442 1879 532 1946 caligo
544 1885 598 1943 est,
614 1885 644 1929 ut
655 1878 789 1945 dispicere
799 1893 855 1929 non

58 1958 162 2022 posset.
207 1953 239 2004 ln
258 1952 362 2006 Achaia
381 1951 511 2005 isthmum
531 1952 676 2020 perfodere
697 1967 854 2018 aggressio,

58 2029 253 2097 praetorianos
267 2045 318 2096 pro
335 2030 467 2082 concione
483 2028 518 2079 ad
532 2027 718 2080 inchoandmn
729 2042 799 2094 opus
810 2041 856 2077 co-

59 2102 189 2156 hortatus
209 2110 269 2166 cst;
288 2105 414 2171 tubaque
431 2106 510 2172 signo
528 2104 607 2169 dato,
622 2104 727 2172 primus
741 2100 855 2153 rastello

59 2178 172 2230 humum
193 2178 304 2243 effodit,
325 2184 352 2230 et
373 2180 487 2231 corbula
502 2186 659 2248 congestam
675 2177 795 2230 humeris
811 2191 855 2229 cx·

59 2255 132 2306 tulit.
172 2253 296 2306 Parabat
309 2259 338 2306 et
355 2253 390 2305 ad
406 2255 520 2320 Caspias
534 2261 629 2323 portas
644 2254 855 2323 expeditionem,

61 2329 219 2396 conscripta
234 2345 267 2381 ex
280 2329 386 2380 Italicis
405 2329 499 2380 senum
519 2331 619 2396 pedum
632 2331 770 2383 tironibus
784 2341 858 2382 nova

25 2403 27 2410 '
61 2405 184 2472 legione,
200 2421 283 2472 quam
292 2404 390 2471 Magni
399 2404 547 2456 Alexandri
561 2399 724 2474 phalangem
736 2403 857 2472 appella·

61 2481 118 2532 bat.
143 2480 224 2532 Haec
233 2480 335 2547 partim
344 2479 422 2529 nulla
431 2478 651 2545 reprehensione,
661 2481 763 2548 partim
774 2478 857 2529 etiam

60 2571 117 2607 non
126 2554 263 2608 mediocri
276 2554 359 2614 laude
370 2555 453 2622 digua
467 2554 497 2604 in
506 2571 590 2608 unum
601 2554 718 2617 contuli,
729 2560 761 2604 ut
770 2567 857 2604 secer-

61 2645 154 2684 nerem
165 2645 183 2681 a
192 2631 303 2704 probris
314 2645 347 2682 ac
357 2629 507 2682 sceleribus
518 2631 589 2695 eius,
604 2630 638 2681 de
649 2630 749 2699 quibus
760 2626 858 2680 dehinc

61 2705 182 2832 dicallili.
206 2778 280 2832 lnter
296 2786 400 2834 ceteras
416 2779 577 2849 disciplinas
591 2780 726 2848 pueritiae
735 2785 858 2848 tempore
