2044 3028
155 729 386 798 HORATII
417 731 639 795 POETAE
672 733 819 804 vird.

397 924 574 932 ---.--...—

396 934 574 948 m

146 1064 318 1144 Housrrus
332 1090 477 1155 Fnsccos,
488 1089 657 1156 Venusinus,
674 1098 765 1160 patre,
780 1099 811 1147 ut
825 1095 884 1164 ipse

88 1165 185 1228 tradit,
197 1164 325 1216 libertino
337 1172 364 1218 et
374 1169 548 1218 exactionum
561 1172 698 1232 coactore,
709 1175 741 1220 ut
751 1185 815 1221 vero
828 1186 884 1224 cre·

88 1241 176 1291 ditum
189 1244 237 1304 est,
259 1239 477 1303 salsamentariu
498 1242 885 1312 quumiliiquidaminalter-
935 1303 936 1308 η

90 1317 199 1368 catione
214 1316 419 1386 exprobrasset:
443 1321 551 1380 Quoties
566 1335 614 1387 ego
629 1315 684 1370 sicli
692 1327 797 1386 patrem
813 1328 885 1372 tuum

89 1390 177 1443 cubito
188 1405 214 1440 ee
224 1391 425 1460 ernnogeotem!
462 1391 541 1445 Bello
553 1391 736 1460 Philippensi,
748 1396 853 1447 excitus
869 1411 886 1446 a

88 1465 128 1517 M.
139 1465 226 1516 Bruto
242 1465 420 1536 imperatore,
436 1467 562 1518 tribunus
576 1468 694 1519 militum
707 1470 825 1533 meruit;
845 1467 884 1522 v'i·

90 1542 196 1608 ctisque
207 1541 344 1608 partibus,
354 1543 434 1594 venia
444 1543 602 1610 impetrata,
615 1544 745 1612 scriptum
757 1552 884 1614 quaesto·

54 1595 67 1642 ὗ
88 1617 160 1668 rium
176 1618 355 1684 comparavit.
393 1617 431 1669 Ac
445 1619 534 1685 primo
544 1618 712 1683 Maecenati,
724 1619 821 1672 deinde
831 1621 884 1672 Au·

88 1697 170 1760 gusto
181 1692 344 1757 insinuatus,
356 1708 411 1744 non
421 1693 586 1746 mediocrem
598 1695 689 1746 locum
699 1694 729 1746 in
740 1696 883 1749 amborum

88 1767 213 1818 amicitia
221 1769 318 1836 tenuit.
337 1767 484 1820 Maecenas
496 1775 664 1838 quantopere
675 1785 735 1821 eum
747 1771 882 1836 dilexerit,

88 1843 157 1895 satis
167 1847 337 1895 monstratur
345 1843 396 1895 illo
408 1845 612 1912 epigrammate,
623 1844 673 1895 ubi
682 1844 772 1912 inquit
783 1863 789 1896 ε

238 1915 278 1970 Νί
287 1927 311 1969 te
321 1917 461 1971 sinceritate
470 1919 542 1982 meir,
553 1915 662 1981 Hordei,

239 1993 302 2044 Pon
312 1993 366 2046 iarn
376 1994 466 2064 diligo,
479 1993 508 2046 tri
519 2002 592 2046 tuum
602 1991 715 2045 toditem

236 2067 355 2121 Hr'nmdo
365 2067 453 2121 videtis
462 2069 651 2139 strigosiorem.

87 2145 140 2197 Sed
151 2144 239 2197 multo
250 2146 339 2214 magis
349 2147 489 2211 extremis,
499 2146 552 2197 tali
562 2145 597 2196 ad
608 2145 759 2212 Augustum
771 2144 863 2213 elogio
875 2163 882 2197 z

85 2219 199 2275 Horatii
207 2217 307 2284 Flacci,
318 2228 351 2271 ut
358 2220 417 2283 mei,
429 2237 526 2271 ricemer
537 2229 600 2272 erto.

141 2296 280 2364 Angustus
291 2296 317 2348 ei
331 2295 516 2363 Epistolarum
529 2297 648 2348 officium
661 2295 774 2359 obtulit,
790 2301 821 2346 ut
830 2293 884 2348 hoc

87 2371 122 2421 ad
132 2369 319 2422 Maecenatem
334 2373 437 2441 scripto
449 2373 587 2438 significat
597 2389 604 2422 t
625 2370 695 2422 Ante
705 2369 759 2438 apae
769 2370 883 2422 scriben-

86 2445 125 2496 dis
141 2444 254 2512 epistolis
268 2445 411 2500 anticorum
432 2445 616 2516 sufficiebam:
636 2463 705 2499 nune
715 2445 883 2514 compatiari-

87 2535 156 2582 mur,
173 2528 200 2572 et
212 2519 345 2592 instrenuo,
361 2521 505 2573 Horatium
520 2530 637 2573 nonnum
647 2538 664 2572 a
680 2530 705 2574 te
715 2521 790 2588 cupio
801 2519 882 2574 aidu-

86 2611 151 2646 cere.
196 2592 290 2649 Veniet
305 2614 368 2667 ergo
382 2595 415 2647 ub
429 2595 482 2648 isto
497 2594 646 2664 parasitica
661 2611 749 2648 menta
764 2595 800 2647 ad
813 2594 882 2648 donc

85 2669 201 2740 regiam,
218 2681 244 2724 et
257 2688 304 2724 noo
318 2671 346 2724 in
360 2671 501 2724 scribendis
517 2669 629 2739 mittatis
647 2669 756 2723 iuvabit.
795 2671 834 2722 Ac
847 2687 881 2722 ne

11 2755 13 2814 ζ
84 2749 224 2802 recusanti
235 2748 343 2816 quidem
361 2753 408 2798 aut
418 2747 573 2799 succensuit
583 2747 743 2816 quicquam,
755 2751 803 2800 aut
813 2747 880 2799 omi-
