2050 3034
284 241 475 288 TIBERIUS.
512 243 590 287 CAP.
611 244 727 289 10-12.
856 243 905 294 1²1

100 365 170 415 liam
181 377 298 416 uxorem
311 365 346 415 ob
356 364 487 415 libidines
499 371 581 431 atque
592 364 729 416 adulteria
738 364 903 431 damnatam,

98 438 304 506 repudiumque
318 439 344 490 ei
357 454 407 490 suo
422 441 534 490 nomine
555 453 588 490 ex
609 439 775 490 auctoritate
789 440 904 507 Augusti

98 514 261 565 remissum:
283 519 311 566 et
321 528 478 581 quanquam
489 515 578 565 laetus
587 514 689 566 nuncio
695 551 703 578 ,
714 518 806 565 tamen
819 515 903 565 officii

99 587 190 653 duxit,
204 593 336 655 quantum
347 589 376 639 in
387 604 416 640 se
427 594 507 652 esset,
520 603 635 640 exorare
646 588 721 641 tiliae
732 593 841 656 patrem
849 587 912 640 fre-'

99 663 249 731 quentibus
261 663 361 726 literis,
382 668 410 714 et
418 663 464 714 vel
472 668 612 731 utcunque
622 663 748 728 meritae,
771 663 901 731 quicquid

98 752 222 804 unquam
238 738 313 788 dono
328 737 461 801 dedisset,
484 739 642 790 concedere.
681 739 837 790 Transacto
854 754 901 789 au-

97 818 155 863 tem
169 812 337 863 tribuniciae
352 813 499 879 potestatis
518 817 655 880 tempore,
677 813 819 865 confessus
840 820 900 865 tan·

99 883 248 950 dem,nihil
258 886 334 936 aliud
345 901 455 938 secessu
465 885 600 939 devitasse
605 903 643 952 se,
649 903 731 955 quam
738 888 900 940 aemulatio·

98 961 143 1011 nis
154 977 217 1012 cum
222 960 291 1011 Gaio
296 959 442 1029 Lucioque
452 961 647 1027 suspicionem,
652 963 742 1028 petiit,
752 968 784 1013 ut
793 963 848 1014 sibi
857 979 898 1014 se-

99 1051 165 1086 curo
177 1036 235 1086 lam
247 1036 281 1085 ab
291 1033 344 1086 bac
353 1041 445 1102 parte,
458 1035 647 1086 corroboratis
658 1033 701 1085 bis
713 1041 740 1086 et
750 1036 897 1087 sectandum

98 1109 192 1161 locum
201 1109 285 1161 lacrle
295 1109 668 1176 t11tantrbus,perm1tteretur
677 1109 796 1161 revisere
806 1125 898 1162 neces

98 1184 247 1247 situdines,
268 1199 382 1252 quarum
398 1184 536 1236 desiderio
551 1190 697 1236 teneretur.
738 1183 793 1236 Sed
810 1199 898 1252 neque

98 1260 268 1325 impetravit,
290 1258 418 1327 ultroque
433 1243 516 1311 etiam
532 1259 689 1312 admonitus
705 1265 747 1311 est
761 1255 898 1311 dimittere

99 1347 208 1385 omnem
219 1347 312 1384 curam
323 1348 449 1398 suorum,
466 1349 535 1401 quos
550 1340 607 1385 tam
623 1334 720 1401 cupide
730 1333 896 1402 reliquisset.

153 1407 215 1466 xli.
240 1407 383 1461 Remansit
400 1423 465 1476 ergo
484 1407 578 1460 Rhodi
598 1415 694 1460 contra
718 1407 897 1472 voluntatem,

99 1483 147 1532 vix
156 1497 205 1548 per
215 1487 330 1534 matrem
342 1488 517 1546 consecutus,
537 1489 570 1534 ut
580 1484 614 1534 ad
624 1484 768 1535 velandam
779 1486 897 1552 ignomi-

100 1557 177 1606 niam
191 1557 270 1624 quasi
284 1558 391 1625 legatus
403 1559 437 1608 ab
451 1560 576 1626 Augusto
593 1559 709 1610 abesset.
748 1557 897 1608 Enimvero

99 1637 166 1682 tunc
175 1645 230 1684 non
241 1633 379 1700 privatum
389 1632 538 1697 modo,sed
549 1633 633 1686 etium
645 1633 797 1685 obnoxium
807 1638 835 1683 et
844 1638 897 1682 tre-

97 1705 193 1772 pidum
204 1705 273 1773 egit,
294 1706 501 1759 mediterraneis
517 1709 592 1776 agris
608 1709 730 1773 abditus,
751 1708 897 1776 vitansque

99 1781 397 1848 praeternavigantium
420 1783 525 1844 officia,
551 1783 651 1848 quibus
670 1782 897 1850 frequentabatur

99 1855 218 1919 assidue,
224 1856 332 1908 nemine
343 1872 404 1907 cum
413 1857 531 1923 imperio
544 1862 592 1907 aut
600 1857 896 1924 magistratutendente

98 1945 251 1998 quoquam,
264 1930 329 1996 quin
340 1931 487 1981 diverteret
496 1928 632 1981 Rhodum.
671 1931 709 1980 Et
723 1935 897 1982 accesserunt

97 2005 212 2056 maioris
228 2005 425 2056 sollicitudinis
447 2018 556 2056 causae.
595 2003 720 2073 Namqu'e
741 2004 895 2071 privignum

99 2078 207 2144 Caium,
231 2078 338 2130 Orienti
357 2081 559 2147 praepositum,
580 2094 664 2148 quum
683 2077 791 2131 visendi
804 2077 897 2146 gratia

97 2153 253 2206 traiecisset
267 2152 391 2218 Samum,
413 2155 575 2207 alieniorem
589 2155 645 2205 sibi
658 2155 744 2206 sensit
757 2168 791 2206 ex
806 2153 896 2206 crimi-

97 2228 259 2281 nationibus
269 2227 309 2284 M,
320 2229 416 2293 Lollii,
428 2230 538 2281 comitis
550 2235 578 2282 et
586 2230 703 2282 rectoris
714 2230 781 2282 eius.
812 2227 897 2282 Venit

98 2303 179 2353 etlam
189 2304 223 2354 ln
232 2303 427 2370 urspicionem,
438 2320 487 2371 per
498 2305 633 2372 quosdam
643 2305 771 2358 beneficii
780 2305 825 2355 sul
836 2317 895 2354 cen-

97 2377 230 2442 turiones,
244 2393 261 2428 a
272 2383 427 2429 commeatu
438 2383 530 2428 castra
540 2385 706 2446 repetentes,
717 2378 850 2433 mandata
861 2374 899 2425 ad

99 2453 254 2520 complures
266 2451 374 2504 dedisse
386 2453 524 2518 ambigua,
537 2460 565 2505 et
575 2469 645 2521 quae
655 2459 762 2505 tentare
773 2448 895 2518 singulo·

96 2539 153 2578 mm
164 2527 276 2578 cuimos
288 2526 323 2577 ad
333 2541 420 2577 novas
431 2542 474 2577 res
484 2527 651 2580 viderentur.
688 2526 730 2578 De
741 2539 796 2593 qua
807 2523 895 2589 suspi-

97 2600 172 2654 cione
188 2601 294 2653 certior
308 2601 343 2652 ab
354 2602 477 2667 Augusto
492 2600 583 2652 facum
598 2615 653 2650 non
665 2598 783 2649 cessavit
793 2596 895 2663 efflagi-

96 2679 152 2727 tare
164 2677 287 2745 aliquem
299 2675 446 2726 erriuslibet
457 2673 563 2724 ordinis
575 2672 717 2723 custodem
726 2670 897 2739 factismque
959 2708 963 2714 .

97 2748 174 2802 dictis
185 2751 254 2801 suis.
