2050 3034
252 189 256 195 Α
294 227 479 276 TIBERIUS.
516 231 594 278 CAP.
611 231 732 277 ot-os.
862 197 933 284 149Ι

111 367 178 406 rore
189 335 347 416 detecto,‘et
358 354 456 418 occidi,
467 369 501 406 ne
512 353 668 422 divulgaret
676 354 816 406 iniuriam.
847 356 912 410 Car·

108 429 243 480 cilicinae
254 429 313 479 eius
325 429 478 484 ostenditur
488 429 567 482 locus
579 430 706 497 Capreis,
717 429 790 482 unde
800 430 911 484 damna·

24 527 26 530 ·
108 509 156 556 tos
167 510 233 571 post
242 503 326 571 longa
336 509 363 555 ct
377 505 515 573 exquisita
528 511 666 557 tormenta
676 504 857 573 praecipitari
865 523 910 558 oo-

108 593 171 630 ram
187 595 217 630 se
234 579 264 629 in
285 595 360 630 mare
378 580 504 642 iubebat3
529 581 681 647 excipiente
702 580 911 632 classiariorum

108 669 204 717 manu,
216 659 243 705 et
255 655 343 704 contis
354 659 436 723 atque
445 656 528 706 remis
539 654 657 707 elidente
668 655 812 721 cadavera,
818 671 853 708 ne
865 658 911 708 eui

108 727 218 780 residui
237 729 351 796 spiritns
371 730 527 797 quicquam
540 730 651 782 inesset.
694 731 910 799 Excogitaverat

111 810 205 854 autem
219 804 292 854 inter
305 819 406 871 genera
421 806 559 855 cruciatus
574 806 670 869 etiam,
690 812 722 857 ut
741 807 821 874 larga
840 809 909 859 meri
924 867 929 881 ¹

108 879 225 946 potione
236 893 285 946 per
293 877 434 930 fallaciam
447 886 590 942 oneratos,
611 887 721 948 repente
736 883 851 934 veretris
863 883 908 934 dc-

108 953 213 1020 ligatis,
220 953 393 1004 fidicularum
400 955 486 1005 *simul
496 955 647 1022 urinaeque
656 960 793 1008 tormento
805 953 907 1009 disten-

108 1029 194 1080 deret.
227 1029 364 1090 Quodnisi
374 1045 435 1081 eum
445 1036 557 1081 etmors
567 1030 766 1096 praevenisset,
782 1036 810 1082 et
819 1029 906 1082 Thra-

107 1104 198 1170 syllns
209 1104 349 1168 consulto,
370 1111 402 1155 ut
411 1105 500 1168 aiunt,
517 1103 628 1156 differre
643 1104 778 1171 quaedam
789 1121 838 1172 spe
847 1106 907 1157 lon-

106 1179 196 1246 gioris
206 1180 281 1230 vitae
292 1179 482 1248 compulissem
493 1179 586 1246 plures
598 1179 740 1246 aliquanto
749 1185 906 1244 necaturus,
1001 1215 1003 1220 ,

107 1269 141 1304 ac
155 1269 191 1305 ue
204 1253 319 1322 reliquis
334 1254 443 1321 quidem
458 1255 605 1322 nepotibus
619 1269 753 1322 parennis
773 1255 906 1318 creditum

109 1344 193 1397 qaum
204 1335 232 1380 et
242 1329 339 1380 Caium
350 1335 505 1397 suspectum
521 1327 648 1394 haberet,
668 1335 696 1380 ct
705 1330 860 1394 Tiberium,
875 1337 907 1382 ut

108 1419 141 1455 ex
153 1403 291 1456 adulterio
303 1411 477 1472 conceptum,
499 1409 700 1472 aspernaretur.
738 1405 797 1457 Nee
807 1405 906 1458 abhor-

108 1485 153 1530 ret
167 1495 185 1529 a
197 1494 276 1530 vero:
296 1494 415 1546 namque
428 1479 578 1531 identidem
585 1479 695 1550 felicem
706 1479 845 1532 Priamum
858 1497 906 1534 vo-

110 1553 204 1618 cabat,
216 1555 287 1620 qaod
294 1563 423 1621 superstes
434 1553 549 1606 omnium
559 1571 666 1606 scoram
676 1554 825 1606 manasset.

166 1627 264 1680 LXlll.
286 1630 375 1690 Qunam
389 1644 455 1681 vero
469 1631 542 1682 luter
555 1629 624 1683 haec
637 1646 693 1682 non
706 1629 790 1682 modo
801 1629 907 1682 invisus

107 1698 141 1754 ac
151 1704 337 1768 detestabilis,
349 1705 397 1756 sed
406 1705 598 1773 praetrepidus
609 1720 719 1776 quoque
729 1712 811 1773 atque
822 1705 906 1758 etiam

108 1779 284 1830 contumeliis
305 1780 442 1831 obnoxius
461 1780 576 1843 vixerit,
601 1781 689 1831 multa
707 1780 813 1832 iudicia
832 1787 905 1831 sunt.

106 1853 278 1922 Haruspices
292 1860 398 1906 secreto
415 1869 448 1905 ao
467 1855 526 1904 sine
544 1855 662 1906 testibus
683 1855 792 1906 musali
809 1856 905 1906 vetnit.

105 1927 209 1981 Vicina
219 1944 285 1981 vero
291 1929 360 1981 Urbi
371 1928 486 1981 oracula
497 1929 580 1980 etiam
591 1929 719 1980 disiicere
730 1933 905 1980 conatusest:

107 2003 154 2056 sed
165 2005 312 2056 maiestate
322 2004 562 2064 Praenestinarum
574 2004 691 2054 sortium
700 2001 812 2054 territus
823 2003 906 2054 desti·

106 2080 154 2142 tit3
177 2095 259 2148 quum
272 2080 434 2147 obsignatas
445 2080 627 2146 deuectasque
636 2077 753 2130 Romam
762 2092 819 2129 non
828 2091 906 2145 repe·

107 2155 191 2206 risset
199 2155 229 2206 iu
241 2170 315 2219 area,
326 2155 382 2205 nisi
391 2154 480 2206 relata
490 2170 585 2206 narsus
597 2153 632 2205 ad
642 2152 783 2220 templum.
816 2153 907 2205 Unum

108 2234 135 2280 et
145 2229 262 2282 alterum
274 2229 446 2294 consulares,
462 2231 565 2282 oblatis
574 2229 740 2298 provinciis,
755 2244 811 2281 non
823 2243 907 2280 ausus

108 2319 125 2354 a
135 2320 164 2356 se
176 2305 328 2369 dimittere,
343 2318 430 2371 usque
441 2321 473 2356 eo
485 2305 615 2368 detinuit,
636 2305 724 2356 donec
733 2317 908 2357 successores

108 2385 173 2446 post
183 2379 292 2449 aliquot
302 2393 390 2430 annos
399 2381 590 2446 praesentibus
596 2379 687 2442 darat3
698 2377 906 2448 quuminterim,

107 2460 235 2506 manente
246 2453 332 2506 officii
340 2453 436 2518 titulo,
458 2455 541 2504 etiarn
556 2453 696 2520 delegaret
708 2450 907 2520 plurimaassi-

107 2529 228 2598 ducque,
248 2545 319 2598 quae
333 2529 376 2580 illi
386 2543 436 2597 per
446 2528 552 2596 legatos
563 2534 591 2580 et
601 2529 743 2579 adiutores
754 2542 820 2577 suos
830 2541 907 2578 exse-

107 2603 217 2671 quenda
228 2610 365 2657 curarent.

162 2677 264 2730 LXIV.
284 2677 391 2730 Nurum
405 2693 438 2730 ao
451 2683 566 2744 nepotes
583 2689 723 2742 nunquam
743 2675 825 2726 aliter
842 2679 908 2743 post

105 2752 327 2820 damnationem,
350 2767 432 2824 quam
452 2756 607 2815 catenatos,
629 2750 782 2820 obsutaque
796 2748 905 2802 lectica.
