2050 3034
156 211 206 269 lit
440 218 466 263 o.
489 215 673 263 sunronn

157 342 320 394 salutarunt.
359 339 503 408 Templum
518 339 602 391 etism
616 338 723 391 cirmini
737 353 788 392 suo
800 339 957 410 proprium,
1008 361 1009 394 l

157 424 184 470 et
199 417 371 482 sacerdotes,
392 421 421 468 et
435 415 686 483 excogitatissimas
700 413 808 466 hostias
822 417 955 470 instituit.
1008 397 1009 464 i

156 493 299 560 intemplo
312 491 488 543 simulacrum
499 491 592 543 stabat
601 507 714 542 alueum
723 491 873 556 iconicum,
885 493 955 544 ami·
1008 491 1009 494 ’

156 569 333 634 ciebatnrque
345 567 469 635 qnotidie
478 572 562 631 ueste,
574 566 651 635 quali
660 567 720 633 ipse
728 571 861 618 uteretur.
891 566 954 617 Ma-

154 643 269 709 gisteria
279 641 428 696 sacerdotii
440 641 592 694 ditissimus
607 641 735 709 quisque,
756 648 784 692 et
799 641 952 696 ambitione

154 723 181 767 ct
191 717 345 768 licitatione
355 717 597 781 maxima‚vicibns
607 715 815 784 comparabant.
831 717 952 770 Hostiae

154 797 233 842 erant
241 789 462 859 phoenicopteri,
474 807 609 858 pavones,
619 797 772 856 tetraonas,
783 791 950 856 numidicae,

152 866 341 933 meleagrides,
352 865 512 934 phasianae,
524 881 594 936 qnae
603 867 755 934 generatim
765 881 814 935 per
824 867 950 934 singulas

153 941 212 991 dies
236 941 453 993 immolarentur.
496 941 534 993 Et
555 942 684 993 noctibus
710 941 820 1008 puddcm
839 941 949 1008 plenam

151 1015 354 1084 fulgentemque
367 1017 460 1068 lunam
475 1017 612 1068 invitabat
626 1016 737 1067 assidue
756 1016 786 1067 in
806 1015 949 1084 amplexus

151 1097 234 1159 atque
245 1093 432 1144 concubitum:
452 1092 574 1144 interdiu
583 1107 648 1143 vero
660 1107 721 1142 cum
733 1091 893 1159 Capitoline
905 1091 948 1144 Io-

150 1182 182 1218 ve
192 1172 297 1219 secreto
308 1166 499 1218 fabulabatur:
519 1167 602 1218 modo
612 1167 800 1230 insusurrans,
822 1182 856 1219 ac
869 1181 948 1234 prae·

149 1241 216 1292 bens
226 1243 342 1294 invicem
354 1257 460 1306 aurem,
480 1243 562 1294 modo
574 1242 675 1294 clarinus
680 1279 689 1306 ,
708 1257 760 1294 nec
769 1242 827 1314 sine
836 1242 947 1309 iurgiis.

150 1316 220 1368 Nam
230 1333 285 1369 vox
297 1318 488 1369 comminantis
499 1317 596 1369 audita
604 1323 659 1368 est:

106 1381 109 1389 Ι
363 1387 635 1458 Ἢμῗᾶνάειρζῆἐγώ
646 1389 682 1450 oi,

150 1466 237 1518 donec
247 1473 390 1532 exoratam,
407 1473 439 1518 ut
448 1467 597 1532 referebat,
608 1473 635 1518 et
644 1466 674 1517 in
685 1468 894 1520 contubernium
905 1469 947 1520 ul-

149 1549 192 1602 tro
213 1542 358 1606 invitatus,
384 1557 466 1609 snper
489 1542 619 1608 templum
639 1541 707 1594 Divi
725 1544 843 1610 Augusti
862 1550 947 1611 ponte

149 1618 320 1681 transmisso,
327 1616 465 1668 Palatium
471 1617 693 1684 Capitoliumque
704 1619 857 1670 coniunxit.
868 1619 946 1681 Mox,
1008 1627 1009 1632 ’

150 1707 203 1757 quo
220 1692 335 1758 propior
349 1697 432 1756 esset,
453 1693 481 1741 in
498 1707 563 1743 area
574 1693 732 1760 Capitolina
747 1709 836 1745 novae
847 1693 947 1746 doinus
1008 1719 1009 1722 ¹

149 1765 328 1816 fundamenta
338 1767 412 1818 iecit.

204 1840 304 1893 XXlll.
324 1842 462 1910 Agrippae
476 1859 505 1894 se
519 1848 645 1910 nepotem
661 1859 749 1910 neque
764 1843 839 1894 credi
859 1859 947 1912 neque
1008 1903 1009 1906 Ἴ

149 1916 205 1967 dici
221 1918 256 1968 ob
271 1917 474 1985 ignobilitatem
489 1918 682 1980 eiusvolebat3
703 1918 946 1986 succensebatqne‚

148 1993 173 2042 si
184 1994 232 2059 qui
241 1993 285 2044 vel
296 1994 422 2045 oratione
435 1993 480 2044 vel
494 1994 613 2044 carmine
626 1993 794 2059 imaginibus
805 2009 869 2045 eum
880 1993 947 2046 Cae·
1008 1993 1009 1996 ’

148 2083 241 2117 sarum
250 2068 410 2120 insererent.
434 2067 619 2119 Praedicabat
629 2073 728 2132 autem,
739 2074 857 2120 matrem
868 2083 947 2122 suam

149 2156 181 2190 ex
192 2142 306 2207 incesto,
319 2143 393 2211 quand
404 2143 542 2209 Augustus
554 2158 614 2193 crim
625 2142 697 2194 lulia
707 2143 767 2193 lilia
777 2143 946 2206 admisisset,

148 2223 331 2282 procreatam.
369 2219 408 2268 Ac
417 2232 474 2267 non
485 2223 628 2269 contentus
639 2216 691 2268 bac
700 2218 818 2284 Augusti
827 2219 947 2270 insecta·

147 2290 236 2354 tione,
250 2291 378 2342 Actiacas
389 2291 551 2360 Siculasque
560 2293 706 2357 victorias,
721 2298 754 2344 ut
762 2291 889 2346 funestas
899 2309 948 2360 po·

147 2365 213 2432 pulo
225 2365 349 2418 Romano
362 2373 389 2418 et
399 2367 591 2432 calamitosas,
610 2368 698 2419 retulit
712 2367 894 2420 sollemnibus
908 2367 948 2422 fe-

146 2441 197 2490 riis
212 2439 354 2492 celebrari.
392 2441 503 2494 Liviam
513 2443 663 2510 Augustam
678 2443 822 2510 proaviam
837 2441 949 2512 [iepram

147 2515 423 2568 stolatumidentidem
435 2517 587 2584 appellans,
593 2519 676 2570 etiam
686 2518 874 2585 ignobilitatis
881 2534 949 2586 qua·

147 2587 211 2641 dam
231 2591 267 2642 ad
287 2598 412 2644 senatum
426 2593 546 2661 epistola
560 2607 674 2660 arguere
691 2609 774 2644 ausus
789 2599 843 2657 cst,
866 2594 950 2661 quasi

146 2671 270 2716 materno
287 2681 339 2718 avo
355 2667 512 2721 Decurione
521 2667 656 2720 Fundano
673 2673 775 2730 ortana
796 2683 883 2737 qutun
898 2684 948 2738 pu-

145 2734 226 2791 blicis
244 2745 427 2796 monumentis
448 2749 550 2796 certum
565 2744 614 2808 sit,
635 2743 773 2794 Aufidium
787 2739 946 2796 Lurconem
