2026 3020
148 243 182 294 66
428 245 455 290 G.
483 243 671 292 SUETONH
721 287 725 292 ,

141 370 276 438 lippensi,
288 382 338 437 pro
349 367 455 420 ultione
466 373 581 436 paterna
591 375 730 437 suscepto,
741 374 865 422 voverat.
882 368 947 422 San-

147 447 190 496 xit
205 461 284 512 ergo,
304 450 336 495 ut
350 445 383 495 de
398 445 478 494 bellis
493 443 692 512 triumphisque
702 443 748 496 hic
760 445 949 498 consuleretur

149 527 272 583 senatus,
294 521 452 586 provincias
464 535 524 570 oum
534 521 652 587 imperio
663 521 778 586 petituri
788 519 852 571 hine
863 521 946 578 dedu-

148 601 284 647 cerentur:
315 596 416 661 quique
436 597 555 646 victores
574 595 729 658 rediissent,
750 594 804 646 huc
823 596 945 662 insignia
995 653 996 656 Ἴ

112 699 115 706 ·
145 669 348 737 triumphorum
358 668 499 720 inferrent.
520 671 665 737 Templum
675 669 812 736 Apollinis
823 686 858 722 ca
867 677 945 738 parte

146 747 292 798 Palatinae
303 745 401 796 domus
412 745 557 809 excitavit,
579 760 661 812 quam
675 744 790 797 fulmine
804 746 890 798 ictam
900 747 945 796 de-

147 821 266 871 siderari
280 835 297 869 a
312 820 364 870 deo
385 818 546 886 haruspices
567 821 792 887 pronunciarent.
831 821 947 872 Addidit

146 896 271 964 porticus
292 910 353 945 cum
372 894 543 946 bibliotheca
563 895 666 946 Latina
686 894 860 962 Graeceque:
891 911 946 964 qno
995 957 996 962 Ἰ

146 972 209 1022 loco
221 971 277 1021 iam
292 971 385 1021 senior
400 985 482 1036 saepe
496 971 579 1021 etiam
595 977 719 1021 senatum
734 969 844 1034 habuit,
866 971 947 1022 deou-

146 1049 258 1113 uiasque
278 1045 401 1096 iudicum
420 1047 590 1112 recognovit.
629 1046 752 1097 Tonanti
770 1045 831 1096 lovi
852 1046 948 1098 aedem

149 1123 333 1184 consecravit,
355 1121 487 1171 liberatus
508 1120 644 1187 periculo,
667 1135 749 1188 quum
770 1121 949 1188 expeditione

149 1197 315 1247 Cantabrica
330 1211 379 1261 per
393 1202 557 1245 nocturnum
571 1197 624 1246 iter
639 1197 764 1248 lecticam
780 1197 840 1248 eius
854 1189 950 1264 fulgur

148 1271 383 1339 praestrinxisset,
405 1285 566 1338 servumque
580 1273 781 1338 praelucentem
793 1273 949 1324 exanimas-

78 1365 80 1370 *
148 1352 198 1397 set.
239 1345 381 1404 Quaedam
392 1345 476 1395 etiam
488 1361 572 1413 opera
583 1347 633 1397 sub
648 1349 759 1398 nomine
774 1347 881 1411 alieno,
902 1365 948 1398 ne-

148 1427 244 1488 potum
255 1421 362 1470 scilicet
372 1427 399 1470 et
413 1422 509 1471 uxoris
524 1422 697 1488 sororisque,
718 1421 796 1472 fecit:
815 1428 848 1472 ut
862 1425 948 1490 porti-

150 1511 212 1546 oum
226 1495 426 1563 basilicamque
442 1497 504 1546 Caii
524 1502 551 1546 et
565 1495 659 1558 Lucii;
684 1497 750 1548 item
764 1499 891 1564 porticus
902 1497 947 1548 Li-

149 1572 211 1622 viae
222 1577 249 1621 et
261 1571 405 1634 Octaviae,
416 1569 608 1638 theatrumque
616 1572 754 1622 Marcelli.
794 1572 848 1624 Sed
863 1579 892 1624 et
907 1590 947 1624 ce-

149 1655 224 1697 teros
240 1647 378 1712 principes
391 1646 466 1696 viros
481 1654 564 1712 saepe
579 1644 706 1698 hortatus
716 1653 774 1710 est,
795 1654 826 1698 ut
840 1665 892 1715 pro
908 1649 947 1699 fa-

151 1721 252 1771 cultate
264 1721 379 1786 quisque
390 1721 586 1784 monumentis,
601 1722 645 1772 vel
655 1724 735 1774 novis
745 1722 790 1773 vel
799 1721 913 1776 refectis
923 1730 950 1775 et

150 1794 275 1858 excultis,
288 1795 388 1846 Urbem
399 1792 574 1846 adornarent.
614 1796 758 1864 Multaque
769 1812 787 1847 a
796 1798 894 1850 multis
904 1815 948 1850 er-

90 1905 92 1909 ·
150 1876 255 1920 structa
270 1876 344 1920 sunt:
370 1870 443 1921 siout
457 1871 593 1922 aMarcio
604 1871 733 1939 Philippo
750 1873 832 1924 aedes
843 1873 948 1926 Hercu-

149 1947 185 1996 lis
204 1945 361 2007 Musarum3
392 1961 409 1995 a
429 1946 463 1996 L.
486 1947 635 1998 Cornificio
658 1949 739 1998 aedes
760 1947 884 2011 Dianae;
915 1951 949 2000 ab

149 2021 244 2072 Asinio
257 2020 384 2072 Pollione
396 2022 495 2072 atrium
506 2021 670 2085 Libertatis;
683 2039 700 2072 a
709 2023 836 2074 Munatio
843 2023 949 2076 Planco

150 2097 232 2146 aedes
247 2095 372 2159 Satruni3
398 2111 415 2146 a
430 2097 559 2147 Cornelio
575 2096 664 2148 Balbo
679 2096 829 2160 theatrum3
855 2115 872 2149 a
888 2099 949 2152 Sta-

148 2170 211 2220 tilio
223 2171 317 2220 Tauro
330 2169 573 2236 amphitheatrum
586 2187 603 2222 a
612 2171 651 2222 M.
663 2189 728 2224 vero
739 2173 863 2240 Agrippa
871 2191 949 2227 com·
995 2171 996 2228 j

149 2243 229 2310 plura
240 2250 267 2293 et
278 2243 407 2310 egregia'

205 2317 294 2368 XXX.
316 2318 441 2384 Spatium
451 2319 534 2371 Urbis
548 2322 576 2371 in
591 2321 718 2389 regiones
733 2323 867 2392 vicosque
877 2326 948 2376 divi·

150 2395 199 2445 sit:
218 2393 405 2461 instituitque,
426 2401 458 2445 ut
471 2395 535 2446 illas
551 2399 827 2464 annuimagistratus
846 2401 948 2452 sortito
995 2405 996 2408 ’

149 2475 303 2530 tuerentur,
325 2464 376 2520 hos
396 2471 524 2537 magistri
544 2487 558 2523 e
579 2473 658 2538 plebe
679 2475 812 2542 cuiusque
826 2475 948 2526 viciniae

148 2545 223 2595 lecti.
262 2545 398 2596 Adversus
412 2546 541 2597 incendia
555 2549 686 2599 excubias
706 2557 857 2601 nocuimas
876 2551 947 2618 vigi*

148 2619 243 2686 lesque
254 2627 422 2672 commentus
433 2628 483 2672 est.
522 2622 563 2673 lid
574 2625 740 2676 coercendas
750 2625 947 2678 inundationes
995 2657 996 2672 r

150 2694 256 2745 alveum
278 2697 387 2747 Tiberis
408 2697 513 2748 laxavit
533 2713 565 2770 auc
584 2701 754 2766 reptugavit,
780 2702 947 2768 completum
995 2721 996 2740 ¹

151 2767 217 2817 olim
227 2769 381 2837 ruderibus,
393 2779 421 2824 et
432 2773 619 2826 aedificiorum
631 2776 856 2844 prolapsionibus
868 2793 947 2831 coar-
