2044 3028
138 248 187 302 ddd
412 248 439 293 G.
467 241 655 295 SUETONli

140 376 301 444 cuiusquam
316 373 501 443 appellaretur
515 372 604 423 aliter.
644 369 757 423 Statuas
772 373 828 424 sibi
843 373 872 424 in
888 373 941 426 Ga-

139 451 239 521 pitolio
250 451 362 502 nonnisi
373 464 471 512 aureas
482 455 509 500 et
519 453 663 514 argenteas
674 448 743 514 poni
752 449 895 516 permisit,
908 465 941 502 ac

139 527 270 596 ponderis
291 525 367 577 certi.
405 524 488 575 Ianos
509 537 642 590 arcusque
663 538 723 573 cum
746 523 893 592 quadrigis
914 532 941 577 et
1001 525 1002 534 ³

137 602 291 670 insignibus
301 597 500 666 triumphorum
511 613 560 666 per
569 597 695 666 regiones
704 597 788 649 Urbis
799 605 896 651 tantos
907 615 939 652 ac

137 684 181 729 tot
204 676 355 738 exstruxit,
380 679 412 724 ut
435 673 544 724 cuidam
569 671 674 724 Graeco
697 673 863 741 inscriptum
888 677 938 740 sit,

138 749 256 804 APKEI.
297 748 463 800 Consulatus
484 747 668 816 septendecim
688 749 773 815 cepit,
791 755 861 816 quot
874 757 938 801 ante

138 843 200 878 cum
213 839 302 876 nemo.
341 823 383 874 Ex
395 820 493 891 quibus
509 829 610 890 septem
625 822 732 874 medios
744 825 937 877 continuavit:

139 915 232 954 omnes
254 906 344 952 autem
358 914 444 966 paene
458 898 540 950 titulo
557 904 635 949 tenus
650 898 753 966 gessit3
773 908 827 951 nec
846 916 938 968 quem-

139 992 221 1044 qnam
236 975 310 1027 ultra
318 973 458 1026 Kalendas
468 974 551 1036 Maii,
567 973 659 1040 plnres
671 973 706 1024 ad
719 973 786 1025 ldus
796 991 885 1044 usque
895 975 936 1026 Ia-

138 1052 260 1104 nuarias.
299 1049 368 1100 Post
388 1055 477 1101 autem
498 1048 568 1099 duos
586 1047 754 1115 triumphos,
777 1049 938 1103 Germanici

141 1125 302 1194 cognomine
317 1131 472 1191 assumpto,
487 1123 673 1190 Septembrem
683 1139 804 1176 mensem
816 1129 845 1178 et
855 1127 937 1179 Octo-

139 1205 215 1254 brem
226 1217 259 1254 ex
270 1199 502 1269 appellationibus
513 1199 579 1262 suis,
593 1197 787 1250 Germanicum
798 1200 937 1254 Domitia-

140 1293 257 1344 numque
280 1275 529 1336 transnominarit3
559 1273 635 1342 quod
661 1274 748 1326 altero
770 1279 938 1347 suscepisset

139 1353 293 1418 imperium,
306 1350 393 1402 altero
404 1356 485 1400 natus
496 1353 576 1401 esset.

195 1425 269 1478 XIV.
289 1425 343 1477 Per
357 1424 425 1477 baec
436 1424 570 1477 terribilis
586 1425 690 1476 cunctis
700 1429 728 1475 et
741 1425 861 1490 invisus,
876 1431 935 1478 tan-

142 1504 201 1554 dem
218 1517 364 1570 oppressus
379 1506 421 1552 est
436 1500 587 1552 amicorum
597 1499 816 1570 libertorumque
825 1502 935 1554 intimo-

140 1594 200 1629 rum
211 1575 423 1644 conspiratione,
434 1575 517 1626 simul
526 1579 554 1626 et
561 1576 667 1626 uxoris.
691 1575 798 1643 Annum
810 1577 935 1645 diemque

142 1654 266 1705 ultimum
280 1651 353 1702 vitae
366 1651 423 1701 iam
437 1651 543 1718 pridem
558 1655 712 1718 suspectum
727 1649 868 1715 habebat3
887 1651 934 1705 ho-

141 1743 200 1779 ram
211 1727 302 1790 etiam,
314 1741 429 1778 necnon
440 1732 561 1794 etgenus
574 1727 681 1777 mortis.
721 1725 934 1780 Adolescentulo

143 1801 275 1854 Chaldaei
286 1807 383 1853 cuncta
393 1801 595 1868 praedixerant.
634 1801 717 1852 Pater
728 1816 840 1870 quoque
855 1819 937 1872 super

143 1893 255 1930 coenam
271 1877 409 1945 quondam
428 1876 520 1944 iungis
541 1876 830 1944 abstinentem‘palam
844 1879 936 1930 irrise-

141 1959 197 2018 rat,
208 1958 240 2004 ut
249 1954 375 2020 ignarum
385 1953 469 2004 sortis
480 1967 559 2016 suae,
571 1951 645 2018 quod
658 1967 715 2002 non
728 1950 833 2003 ferrum
844 1955 936 2021 potius

141 2030 257 2080 timeret.
298 2027 389 2089 Quare
398 2027 514 2095 pavidus
525 2041 630 2093 semper
641 2033 723 2094 atque
734 2027 847 2093 anxius,
859 2030 937 2080 mini

141 2104 193 2154 mis
209 2103 292 2153 etiam
307 2102 509 2169 suspicionibus
523 2107 638 2168 praeter.
651 2102 763 2153 modum
784 2119 937 2156 commove-

141 2179 242 2237 batur
235 2193 242 2206 ·
262 2183 293 2226 ut
303 2176 395 2240 edicti,
407 2177 440 2228 de
452 2177 609 2228 excidendis
618 2177 706 2228 vineis
716 2179 865 2245 propositi,
876 2195 936 2248 gra·

142 2254 210 2304 tiam
223 2251 315 2302 facere
329 2267 385 2302 non
400 2253 456 2302 alia
470 2252 558 2318 magis
578 2267 608 2304 re
624 2253 782 2320 compulsus
796 2255 935 2319 credatur,

143 2344 224 2397 quam
236 2325 310 2394 quod
321 2343 416 2418 sparus
402 2327 507 2378 'libelli
517 2343 578 2378 cum
588 2325 630 2378 his
641 2328 765 2380 versibus
776 2336 873 2380 erant·

201 2398 266 2480 Κην
270 2417 300 2458 με
312 2417 395 2486 owsqc
405 2399 449 2450 ἐπι
442 2396 565 2468 ῥίζαν,’
550 2417 617 2460 onoc
624 2402 666 2450 ἔτι
676 2401 878 2470 καρποφορήσω,

255 2463 367 2518 ''Ocnov
355 2472 502 2518 encomium
512 2467 628 2537 Καίσαρι
637 2469 767 2534 θυομένῳ.

144 2552 248 2603 Eadem
262 2553 410 2606 formidine
426 2555 548 2606 oblatum
565 2561 688 2607 asenatu
701 2569 802 2608 novum
817 2562 845 2608 et
859 2571 937 2610 exco-
1001 2599 1002 2604 ,

144 2627 261 2690 gitatum
275 2626 420 2694 honorem,
436 2644 592 2698 quanquam
608 2631 728 2686 omnium
743 2631 842 2682 talium
858 2647 937 2701 appe·
1001 2629 1002 2634 ’

144 2701 325 2765 tentissimus,
336 2705 481 2768 recusavit,
493 2721 547 2771 quo
560 2707 696 2758 decretum
707 2713 775 2771 erat,
787 2716 826 2770 ut,
839 2707 937 2774 quoties

143 2781 250 2837 gereret
263 2778 437 2840 consolation,
456 2779 554 2844 equites
564 2781 690 2846 Romani,
702 2780 795 2848 peribus
805 2799 863 2834 sorr
873 2781 935 2834 otti-
