2026 3020
219 278 345 331 IULIUS
372 281 528 332 GAESAR.
566 285 776 335 oenoe-75.
864 287 897 338 37

96 409 171 472 lam,
194 406 219 458 si
230 416 413 476 gressmorum
428 405 455 459 el
467 407 623 460 sicariorum
639 426 685 477 ope
698 409 726 461 iu
742 412 837 462 mendo
847 427 896 462 sua

95 482 304 551 dignitatemve
314 491 392 546 esset,
415 483 509 534 talibus
523 497 663 551 quoquere
673 501 768 552 parem
776 487 895 554 gretiam

93 560 254 609 relaturum.

154 631 282 683 LXXlll.
304 631 463 684 Simultates
484 639 582 685 contra
605 635 696 686 nullas
721 641 777 687 tam
796 651 894 702 graves

94 708 206 775 excepit
215 721 350 774 unquam,
370 713 467 759 utnon
482 710 629 761 occasione
644 711 739 761 oblata
750 710 837 762 libens
849 711 893 762 de-

95 788 221 850 poneret.
261 782 292 832 0.
303 782 440 846 Memmii,
461 784 538 834 cuius
549 785 707 855 asperrimis
718 787 893 837 orationihus

94 873 152 908 non
163 858 271 907 minore
283 857 433 907 acerbitate
447 857 638 925 rescripserat,
658 861 742 910 etiam
758 859 892 927 suffraga-

94 939 142 983 tor
152 947 217 982 mox
227 933 257 981 in
268 931 401 998 petitione
413 929 572 985 consiliatus
583 933 644 984 init.
679 935 708 985 G.
722 935 816 998 Calvo,
827 944 893 1002 post

94 1006 207 1058 [annosa
221 1007 421 1072 epigrammata
435 1006 469 1057 do
483 1008 709 1058 reconciliatione
723 1025 772 1076 per
787 1011 891 1060 amicos

95 1083 202 1148 agenti,
214 1081 288 1132 ultro
300 1095 334 1130 ac
344 1081 421 1148 prior
432 1081 552 1146 scripsit.
589 1080 732 1132 Valerium
743 1082 890 1145 catillum,

94 1171 112 1205 a
122 1171 179 1223 quo
191 1156 246 1206 sibi
259 1155 402 1206 versiculis
417 1156 451 1206 de
461 1156 602 1206 Mamurra
617 1163 748 1223 pe1petua
761 1158 892 1223 stigmata

94 1231 228 1298 imposita
237 1245 293 1280 non
304 1230 537 1292 dissimulaverat,
552 1230 779 1296 satisfacientem,
795 1231 890 1305 eadem

94 1305 141 1356 die
156 1303 285 1356 adhibuit
299 1319 413 1368 coenae,
435 1303 612 1372 hospitioque
625 1308 712 1374 patris
727 1307 798 1371 eius,
820 1307 898 1358 sicut„

94 1385 286 1442 consueverat,
297 1380 340 1430 uti
349 1381 541 1446 perseveravit.

150 1453 278 1505 Lxxlv.
299 1453 353 1505 Sed
364 1454 428 1504 etin
443 1454 600 1506 ulciscendo
615 1461 715 1507 natura
725 1458 889 1508 lenissimus.

93 1528 215 1594 Piratae,
223 1545 239 1578 a
249 1529 350 1596 quibus
362 1535 457 1596 captus
468 1537 517 1594 est,
524 1546 607 1596 quum
617 1530 646 1580 in
659 1530 824 1583 deditionem
830 1533 890 1582 red-

94 1605 209 1670 egisset,
226 1604 357 1670 quoniam
368 1605 528 1655 suffixurum
539 1621 568 1656 se
580 1606 656 1656 curci
666 1612 728 1657 ante
740 1607 889 1667 iuraverat,

93 1678 218 1746 iugulari
229 1679 304 1745 prius
315 1679 408 1742 iussit,
431 1679 528 1731 deinde
539 1681 638 1746 suffigi.
680 1680 808 1732 Cornelio
820 1679 890 1730 Pha-

93 1755 182 1820 gitae,
205 1755 283 1803 cuius
303 1754 441 1820 quondam
462 1760 610 1805 nocturnas
629 1756 746 1806 insidias
762 1772 843 1823 aeger
857 1771 890 1805 ac

95 1829 192 1891 latens,
202 1844 238 1879 ne
248 1827 441 1895 perduceretur
452 1829 488 1878 ad
498 1827 615 1893 Sullam,
630 1831 677 1880 vix
687 1833 810 1896 praemio
823 1831 888 1882 dato

94 1909 228 1966 evaserat,
239 1918 377 1970 nunquam
389 1917 488 1955 nocere
498 1905 636 1954 sustinuit.
675 1903 861 1956 Philemonem
873 1920 890 1954 a

94 1993 179 2028 mauu
189 1993 305 2042 servum,
317 1981 364 2046 qui
374 1993 466 2030 necem
478 1993 556 2028 suam
570 1994 619 2046 per
628 1993 759 2029 uenenum
769 1980 889 2028 inimicis

94 2053 269 2120 promiserat,
281 2069 335 2114 nou
346 2054 458 2120 gravius
469 2068 551 2120 quam
563 2052 683 2118 simplici
692 2058 780 2104 morte
791 2053 888 2118 puniit.

95 2127 125 2178 ln
135 2125 168 2178 P.
180 2127 321 2192 Clodium,
337 2127 486 2195 Pompeiae
499 2129 596 2178 rixeris
607 2143 674 2178 suae
685 2127 838 2178 adultemm
850 2135 887 2178 at·

94 2218 147 2270 que
157 2203 254 2254 eadem
265 2202 299 2254 de
308 2203 564 2271 causapollutamm
571 2203 798 2254 caerimoniarum
804 2219 888 2267 reum,

94 2278 172 2328 testis
184 2278 294 2342 citatim,
300 2279 410 2345 negavit
420 2294 448 2330 se
454 2279 599 2346 quicquam
607 2279 784 2345 comperisse,
797 2295 890 2346 quam·

94 2353 136 2402 vis
151 2358 179 2403 et
192 2357 281 2403 mator
290 2353 402 2405 Aurelia
417 2358 444 2404 et
458 2369 539 2405 soror
548 2353 621 2404 iulia
636 2354 709 2420 apud
723 2355 833 2404 eosdem
849 2354 890 2402 lu·

95 2427 170 2478 dices
182 2427 276 2477 emnia
288 2443 321 2478 ex
333 2429 385 2479 tide
395 2429 566 2490 retulissent;
581 2430 830 2494 interrogatusque,
843 2441 892 2476 eur

94 2503 181 2568 igitur
200 2501 373 2567 repudiasset
392 2517 518 2565 uxorem,
537 2503 679 2566 Quoniam,
701 2503 802 2567 inquit,
822 2514 891 2550 erasos

95 2585 149 2627 tam
160 2575 307 2642 suspicione
317 2593 395 2644 quam
406 2576 515 2628 crimine
525 2576 611 2628 iudico
622 2593 712 2627 curere
723 2584 851 2641 oportere.

150 2649 265 2702 LXXV.
284 2650 505 2704 Moderationem
519 2667 584 2703 vero
597 2649 822 2715 clementiamque
832 2654 891 2700 trun

93 2727 122 2777 in
133 2721 374 2778 administratione
384 2733 440 2778 tum
456 2726 485 2776 in
499 2725 617 2776 victoria
627 2723 694 2774 belli
705 2723 793 2772 civilis
804 2723 890 2774 admi-

95 2801 211 2856 rabilem
222 2797 356 2854 exbibuit.
395 2799 585 2852 Denuuciante
595 2797 740 2864 Pompeio,
749 2811 798 2862 pro
810 2794 890 2850 losti-
