2050 3034
143 215 192 271 llo
417 223 443 266 c.
471 217 657 268 suarouu

140 359 240 412 magno
254 345 385 396 tibiarum
401 350 429 395 et
442 343 625 397 scabellorum
640 341 758 409 crepitu,
781 340 947 410 cumpella

140 423 289 488 tunicaque
298 419 383 470 talari
393 419 531 488 prosiluit,
544 435 577 470 ac
586 419 723 473 desaltato
736 419 847 472 cannen
859 418 943 470 abiit.

139 496 227 562 aitque
238 493 348 546 hictum
360 495 460 546 docilis
471 494 506 545 ad
518 500 615 557 cetera,
627 499 723 545 natare
733 493 843 552 nesciit.

196 570 254 621 LV.
276 569 400 630 Quorum
410 585 475 620 vero
487 569 579 620 studio
590 575 742 632 teneretur,
760 568 891 621 omnibns
903 568 940 618 ad

138 646 275 695 insaniam
285 643 364 694 favit.
402 643 566 696 Mnesterem
581 644 780 710 pantomimum
795 643 881 698 etiam
895 644 940 694 in-

138 727 181 771 ter
191 719 349 786 spectacula
361 719 550 771 osculabatur:
567 736 600 770 ae
610 720 634 769 si
645 719 705 786 quis
716 718 836 770 saltante
848 734 882 769 eo
894 718 941 770 vel

137 793 236 844 leviter
246 792 428 859 obstreperet,
449 792 559 845 detrahi
571 795 675 846 iussum
686 808 770 847 manu
779 809 831 844 sua
841 792 939 860 flagel-

137 867 223 918 labat.
258 867 354 934 Equiti
363 869 488 920 Romano
500 869 678 941 tumultuanti
687 884 735 934 per
746 867 939 923 oenmnonem

138 943 325 1006 denunciavit,
348 944 436 994 abiret
447 944 505 996 sine
516 959 596 995 mora
606 943 724 1006 Ostiam,
746 942 937 1009 perferretque

137 1018 173 1068 ad
193 1017 381 1070 Ptolemaeum
400 1033 491 1085 regem
514 1019 543 1070 in
563 1018 761 1078 Maruitaniam
786 1017 936 1070 codicillos

136 1109 211 1143 suos.
252 1093 375 1154 Quorum
386 1092 539 1164 exemplum
549 1098 621 1144 erat:
641 1091 686 1156 Ei,
699 1107 773 1158 quem
784 1091 854 1144 istuc
863 1091 934 1158 misi,

136 1184 218 1232 neque
238 1168 300 1219 boni
318 1167 458 1234 quiequam
477 1180 558 1233 neque
578 1166 642 1218 anuli
657 1166 764 1237 feceris.
809 1165 935 1220 Thraces

136 1241 272 1308 quosdam
284 1241 428 1294 Germanis
444 1242 569 1309 corporis
585 1241 745 1294 custodibus
760 1243 934 1308 praeposuit.

135 1317 335 1368 Mirmillonum
352 1323 505 1368 armaturas
519 1317 627 1368 recidit.
667 1316 800 1369 Columbo
821 1317 934 1381 victori,
1010 1381 1011 1384 Ἴ

136 1391 233 1441 leviter
251 1398 343 1442 tamen
363 1394 473 1456 sancio,
493 1407 625 1443 venenum
644 1392 673 1442 in
687 1391 799 1458 plagam
814 1390 935 1456 addidit,

137 1465 211 1531 quod
227 1481 261 1517 ex
276 1482 308 1517 eo
322 1464 502 1518 Columbinum
517 1466 693 1532 appellavit..
716 1465 762 1518 Sic
777 1472 852 1525 certe
862 1468 936 1518 inter

137 1541 193 1590 alia
203 1555 307 1592 venena
317 1543 448 1605 seriphum
459 1542 494 1592 ab
506 1557 539 1594 eo
550 1548 687 1607 repertum
698 1548 747 1592 est.
769 1591 772 1599 ,
800 1540 936 1594 Prasinae

135 1614 254 1665 iactitrni
264 1617 305 1666 ita
315 1615 442 1665 addictus
453 1622 480 1667 et
491 1615 607 1679 deditus,
618 1623 649 1667 ut
660 1621 789 1668 coenaret
799 1617 829 1677 in
840 1617 935 1668 stabu-

135 1689 163 1738 lo
176 1689 295 1752 assidue,
307 1695 334 1740 et
345 1695 473 1740 maneret.
513 1691 651 1757 Agitatori
660 1688 788 1758 Eutycho
801 1693 934 1742 comissa-
1008 1733 1009 1744 2

135 1763 211 1813 tione
225 1763 345 1830 quadam
360 1765 389 1814 in'
405 1762 583 1832 apophoretis
597 1765 681 1817 vicies
696 1766 854 1821 sestertium
870 1782 934 1818 con·
1008 1751 1009 1769 ¹

135 1836 208 1887 tulit.
247 1836 371 1903 Incitato,
384 1840 460 1890 onius
470 1841 536 1907 equi
546 1855 631 1892 carisa
639 1840 729 1908 pridie
735 1841 889 1910 Circenses,
900 1857 933 1892 ne
1007 1897 1008 1910 1

135 1913 347 1980 inquietaretur,
358 1915 476 1966 viciniae
491 1915 629 1966 silentium
639 1930 687 1982 per
698 1915 799 1970 milites
810 1915 933 1968 indicere

135 1988 251 2053 solebat,
257 1997 366 2055 praeter
376 1990 466 2056 equile
476 2003 667 2053 marmoreum,
673 1996 701 2044 et
710 2005 843 2058 praesepe
855 1993 932 2042 ebur·
1006 2029 1007 2052 ,

136 2077 227 2125 nerim,
249 2071 410 2131 praeterque
421 2079 558 2131 purprnea
567 2067 736 2131 tegumenta,
759 2080 792 2116 ae
803 2066 932 2118 monilee

135 2139 261 2200 gemmis,
283 2138 490 2189 domum·etiam
505 2144 532 2188 et
545 2136 679 2190 familiam
695 2145 722 2190 et
732 2140 932 2205 supellectilem

137 2209 224 2274 dedit,
237 2225 291 2276 quo
302 2213 405 2263 lautius
415 2213 525 2264 nourine
536 2213 595 2263 eius
606 2215 716 2266 invitati
727 2214 931 2280 acciperentur3

137 2284 308 2336 consulatum
320 2302 429 2355 quoqne
439 2287 559 2339 traditur
570 2288 730 2340 destinasse.
765 2285 770 2295 ’

191 2357 264 2409 LVI.
284 2361 326 2410 lta
339 2359 518 2412 bacchantem
533 2369 614 2428 atque
628 2369 798 2429 grassantem
815 2381 874 2415 non
889 2363 930 2414 de-

136 2433 190 2484 fuit
208 2435 346 2503 plerisque
366 2436 474 2487 animus
495 2437 609 2488 adoriri.
649 2437 703 2490 Sed
719 2453 773 2488 una
789 2438 931 2506 alteraque
1003 2477 1004 2484 ,

136 2510 339 2574 conspiratione
351 2512 471 2575 detecta,
492 2511 555 2562 aliis
569 2527 618 2579 per
632 2513 755 2578 inopiam
772 2515 930 2565 occasionis

136 2586 340 2650 cunctantibus,
362 2587 416 2638 dno
432 2586 579 2638 consilium
590 2588 863 2659 comrnunicaverrmt
873 2605 929 2656 per-

134 2653 321 2725 fecerimque,
342 2679 398 2714 non
413 2663 472 2714 sine
488 2662 656 2714 conscientia
674 2651 929 2730 potentissimonr'm

134 2724 293 2796 libertorum
304 2737 559 2806 praefectorumque
568 2738 792 2811 praetorii,quod
802 2739 928 2812 ipsiquo·
