2050 3034
120 215 153 266 98
396 215 423 260 G.
445 213 634 261 SUETONll

120 331 174 392 lam
196 337 285 405 primo
306 336 517 404 folliculumque
531 336 656 386 transiit:
676 351 742 386 mox
757 336 827 388 nihil
843 335 927 390 aliud

122 429 203 484 quam
212 411 374 464 vectabatur
384 419 412 464 et
422 411 629 474 deambulabat,
649 410 690 460 ita
703 417 736 462 ut
749 412 778 462 iu
788 414 927 464 extremis

120 488 219 558 spatiis
239 487 385 538 subsultim
406 485 575 550 decurreret,
596 487 710 552 segestri
730 485 775 536 vel
794 486 926 538 lodicula

119 563 269 616 involutus.
308 561 401 612 Animi
414 561 529 612 laxandi
550 574 634 612 causa
652 560 736 611 modo
757 561 926 626 piscabatur

119 638 215 701 hamo,
235 634 319 688 modo
333 636 399 686 talis
415 641 464 686 aut
478 636 604 688 ocellatis
619 635 790 703 nucibusque
806 636 925 688 ludebat

121 729 181 765 eum
193 711 285 778 pueris
296 711 420 774 minutis,
436 725 506 778 quos
520 709 592 762 facie
603 715 630 762 et
639 709 802 776 garrulitate
813 712 923 764 amabi-

119 789 159 839 les
170 785 291 854 undique
303 786 491 853 conquirebat,
502 786 650 853 praecipue
660 783 776 836 Mauros
787 791 815 836 et
820 785 922 852 Syros.

119 861 189 912 Nam
200 859 321 927 pumilos
336 867 419 928 atque
432 860 567 914 distortos
581 866 609 912 et
623 875 717 910 omnes
727 860 835 927 generis
847 861 921 928 eiles-

120 936 190 999 dem,
196 941 228 986 ut
236 930 359 986 ludibria
368 939 484 986 natruae
494 935 616 1003 malique
621 934 731 998 ominis,
739 932 792 985 adh
796 935 920 987 orrebat.

174 1049 327 1101 LXXXIV.
351 1051 547 1121 Eloquentiam
572 1051 719 1120 studiaque
738 1049 867 1102 liberalia
883 1051 920 1102 ab

48 1191 51 1196 Α
119 1132 209 1178 aetate
220 1126 309 1192 prima
320 1125 418 1192 cupide
428 1132 455 1177 et
465 1125 684 1176 laboriosissime
695 1123 826 1177 exercuit.
855 1124 919 1176 Mu-

119 1201 220 1252 tineosi
228 1199 317 1262 bello,
332 1200 451 1250 intanta
460 1201 533 1251 molo
543 1214 648 1263 rerum,
663 1206 691 1251 et
700 1199 800 1267 legisse
811 1205 839 1251 et
849 1201 917 1252 scri-

117 1277 206 1345 psisse
222 1281 249 1326 ct
262 1272 432 1326 declamasse
448 1273 572 1342 quotidie
585 1275 715 1326 traditur.
753 1271 825 1326 Nam
840 1274 918 1326 dein-

118 1365 182 1416 ceps
201 1363 289 1416 neque
308 1349 338 1398 in
358 1355 456 1400 senatu
475 1365 563 1416 neque
583 1349 657 1416 apud
676 1349 809 1417 populum
829 1365 918 1416 neque

118 1423 192 1492 apud
211 1423 313 1474 milites
333 1422 442 1474 locutus
461 1430 503 1475 est
517 1439 651 1490 unquam,
671 1423 727 1474 nisi
740 1423 874 1476 meditata
889 1431 918 1476 et

117 1498 275 1566 composita
287 1499 422 1563 oratione,
435 1499 560 1567 quamvis
570 1513 626 1549 non
637 1499 765 1550 deiiceret
776 1498 812 1548 ad
823 1499 916 1550 subita

117 1573 299 1640 extemporali
313 1571 455 1624 facultate.
494 1573 534 1622 Ac
548 1587 582 1623 ue
597 1573 750 1641 periculum
765 1574 916 1625 memoriae

117 1648 208 1700 adiret
218 1648 305 1698 autin
321 1646 468 1698 ediscendo
481 1652 589 1714 tempus
606 1648 773 1710 absumeret,
793 1647 916 1698 instituit

117 1722 234 1774 recitare
245 1721 347 1774 omnia.
387 1720 532 1772 Sermones
544 1736 653 1792 quoque
665 1738 725 1772 cum
736 1721 863 1788 singulis,
875 1729 914 1773 at·
967 1763 970 1772 .

118 1811 170 1865 que
181 1796 264 1847 etiam
276 1810 337 1847 cum
347 1793 431 1846 Livia
440 1811 491 1847 sua
502 1797 644 1863 gravimes
650 1834 658 1861 ,
673 1796 785 1847 nonnisi
795 1798 913 1864 scriptos

117 1879 144 1922 et
154 1887 169 1922 e
180 1870 275 1922 libello
290 1869 423 1935 habebat,
443 1887 478 1922 ne
491 1871 554 1939 plus
569 1871 693 1922 minusve
707 1871 867 1938 loqueretur
881 1887 913 1926 ex

115 1952 248 2014 tempore.
286 1944 589 1999 Pronunciabatdulci
608 1951 636 1998 et
658 1945 772 2013 proprio
793 1945 912 2013 quodam

118 2022 176 2072 oris
187 2036 271 2086 sono,
292 2021 430 2088 dabatque
446 2020 556 2072 assidue
565 2017 707 2087 phonasco
720 2035 846 2087 operam3
866 2019 911 2072 sed

117 2111 327 2163 nonnunquam,
337 2095 483 2146 infirmatis
493 2093 633 2160 faucibus,
644 2096 789 2164 praeconis
799 2110 868 2148 voce
879 2093 911 2146 ad

116 2169 247 2235 populum
260 2170 439 2220 concionatus
450 2175 500 2220 est.

171 2274 312 2328 LXXXV.
341 2276 432 2327 Multa
451 2276 523 2327 varii
546 2277 654 2343 generis
677 2291 763 2344 prosa
787 2278 911 2329 oratioue

116 2352 281 2420 composuit,
293 2365 327 2403 ex
338 2351 437 2419 quibus
448 2351 581 2402 nonnulla
590 2352 620 2402 in
631 2359 713 2404 coetu
722 2351 910 2416 familiarium,

116 2427 228 2478 velutin
240 2426 390 2492 auditorio,
401 2425 541 2490 recitavit,
552 2427 626 2478 sicut
636 2424 775 2494 Rescripta
784 2424 871 2478 Bruto
880 2426 909 2477 de

116 2499 230 2553 Catone.-
250 2517 320 2571 quae
334 2501 476 2554 volumina
492 2516 574 2569 quum
589 2503 646 2552 iam
661 2502 754 2553 senior
768 2515 803 2553 ex
812 2515 909 2570 magna

116 2582 192 2640 parte
203 2575 329 2645 legisset,
340 2577 474 2645 fatigatum
485 2576 599 2628 'liberio
610 2575 728 2628 tradidit
737 2575 908 2644 perlegenda.

116 2649 181 2701 ltem
196 2650 370 2706 Hortata'ones
384 2652 421 2704 ad
428 2650 634 2720 philosophiam,
656 2657 684 2702 et
701 2651 797 2720 aliqua
813 2652 844 2701 de
857 2649 908 2702 vita

114 2739 174 2787 sna,
196 2741 278 2794 quam
297 2728 429 2780 tredecim
450 2727 529 2779 libris
545 2725 712 2780 Cantabrico
727 2731 806 2778 tenus
826 2723 906 2790 bello,
997 2717 998 2730 ¹
