2044 3028
139 806 815 894 nnnrrnnsirvtrn

394 986 567 994 --——-—-——u

394 995 567 1007 -υ--ι-ι--ιι

143 1101 194 1180 Α.
205 1123 330 1177 Psnsrns
340 1125 473 1177 Fnuccus
484 1131 565 1177 natus
576 1131 618 1176 est
625 1125 717 1194 pridie
726 1124 886 1178 NonasDe·

87 1196 172 1246 cemb.
186 1198 276 1252 Fabio
295 1200 420 1266 Persico,
441 1199 474 1252 L.
492 1198 619 1264 Vitellio,
642 1201 734 1262 Coss.;
765 1199 887 1252 decessit

85 1269 158 1320 Vlll.
169 1272 311 1327 Kalendas
319 1275 594 1340 Decemb.P.Mario,
601 1276 696 1327 Asinio
707 1273 790 1326 Gallo
803 1275 885 1326 Coss.

143 1344 233 1400 Natus
256 1351 285 1400 in
308 1349 422 1403 Etruria
440 1349 608 1414 volaterris,
629 1365 712 1419 eques
732 1349 884 1414 Romanus,

89 1423 222 1488 sangnine
233 1431 261 1476 ct
271 1427 403 1478 affinitate
413 1426 496 1494 primi
512 1425 617 1476 ordinis
631 1425 698 1476 viris
710 1425 885 1487 coniunctus,

89 1491 207 1550 decessit
217 1500 253 1550 ad
264 1508 390 1552 octavum
401 1501 550 1551 miliarium
559 1501 606 1550 via
614 1500 711 1568 Appia,
723 1499 752 1550 in
762 1500 888 1568 praediis

89 1571 156 1622 suis.
195 1573 280 1627 Pater
290 1577 349 1626 eius
359 1575 477 1626 Flaccus
486 1573 621 1644 pupillum
631 1574 745 1642 reliquit
755 1575 887 1636 moriens,

90 1659 225 1699 annorum
244 1647 301 1701 fere
321 1663 378 1701 sex.
416 1648 516 1700 Fulvia
536 1649 663 1702 Sisennia
684 1656 772 1700 mater
791 1650 889 1716 nupsit

88 1728 187 1788 postea
195 1722 290 1788 Fusio,
303 1725 390 1791 equiti
398 1722 537 1776 Romano:
557 1729 585 1776 et
594 1741 655 1774 eum
668 1739 777 1793 quoque
788 1723 890 1775 exuriit

88 1797 162 1848 intra
172 1813 277 1865 paucos
288 1813 384 1849 annos.
424 1799 536 1851 Studuit
550 1797 667 1850 Flaccus
680 1813 768 1866 usque
789 1797 824 1848 ad
840 1813 888 1847 an-

89 1883 155 1922 num
178 1873 372 1926 duodecimum
395 1873 564 1926 Volatenis:
593 1873 658 1925 inde
681 1871 787 1924 Romae
812 1873 889 1940 apud

89 1949 297 2013 grammaticum
307 1949 459 2001 Remmium
469 1945 663 1999 Palaemonem
673 1953 701 1999 et
711 1947 785 2016 apud
794 1946 889 1999 rheto-

89 2037 146 2073 rem
157 2021 314 2090 Virginlum
324 2024 449 2074 Flavum.
480 2023 569 2084 Quum
580 2030 653 2074 esset
664 2037 798 2073 annorum
810 2023 889 2073 sede-

91 2097 156 2163 cim,
169 2099 291 2149 amicltin
302 2100 394 2167 coepit
402 2099 446 2150 uti
455 2097 560 2149 Annaei
571 2098 698 2159 Cornuti,
713 2097 755 2150 ita
764 2106 797 2148 ut
807 2099 842 2148 ab
854 2115 887 2148 eo

89 2186 225 2242 nusquam
236 2173 401 2226 discederet:
422 2188 508 2242 aquo
524 2171 652 2224 inductus
668 2171 844 2241 aliquatenus
858 2173 888 2222 in

90 2244 296 2315 philosophiam
307 2255 358 2300 est.

145 2323 256 2375 Amicos
275 2321 374 2374 habuit
398 2339 415 2372 a
437 2321 527 2390 prima
551 2321 738 2377 adolescentie
759 2321 889 2374 Caesium

90 2394 208 2448 Bassum
221 2405 333 2466 poetam
348 2405 375 2450 et
390 2396 568 2465 Calpurnium
579 2397 689 2461 Suram,
712 2398 807 2465 quiec
822 2399 887 2448 vivo

91 2468 198 2521 iuvenis
221 2471 346 2524 decessit.
387 2471 482 2523 colun
498 2479 531 2522 nt
549 2479 655 2539 patrem
670 2470 815 2523 Servilium
830 2471 887 2522 No-

89 2543 211 2594 nianum.
249 2545 304 2596 Per
322 2547 473 2597 Cornutum
493 2545 623 2612 cognovit
641 2547 783 2597 Annaeum
803 2547 887 2598 etiam

91 2613 246 2682 Inucanum,
272 2635 452 2687 aequaevum,
475 2621 629 2672 auditorem
651 2621 775 2671 Cornuti.
815 2619 887 2671 Nam

93 2687 230 2740 Cornutus
240 2693 290 2742 illo
302 2701 424 2761 tempore
438 2695 561 2758 tragicus
575 2693 641 2759 fuit,
663 2701 753 2746 sectae
765 2693 887 2757 Stoicae,

122 2761 142 2809 ·i
152 2762 239 2813 libros
249 2764 442 2834 philosophiae
452 2767 574 2834 reliquit.
609 2769 663 2820 Scd
674 2767 804 2820 Lucanus
816 2771 886 2820 adeo
