2026 3020
212 238 476 284 octavianus.
513 237 590 283 GAP.
610 239 725 286 si-oe.
836 235 869 289 85

65 361 187 432 quisque
197 355 294 430 regno,
307 362 456 413 Caesareas
466 361 548 413 urbes
561 362 755 426 condiderunt3
767 371 795 417 et
805 381 868 418 uin.

64 439 103 490 cti
123 437 212 489 simul
231 437 325 489 aedem
345 437 419 489 lovis
439 437 563 506 Olympii
579 435 693 490 Athenis
717 441 868 509 antiquitus

61 511 228 565 inchoatam
238 513 369 580 perlicere
380 513 519 563 communi
532 519 643 581 sumptu
653 514 867 581 destinaverunt,

61 589 206 656 genioque
217 589 275 639 eius
287 588 428 649 dedicare;
449 603 482 638 ac
496 603 579 655 saepe
593 590 686 656 regnis
695 589 800 642 relictis
811 606 867 642 non

61 664 173 715 Romae
182 663 277 726 modo,
289 663 337 714 sed
348 663 507 730 provincias
517 665 689 731 peragranti,
702 666 867 732 quotidiana

63 739 160 790 officia
168 739 261 806 togati
276 753 309 789 ac
322 739 382 789 sine
395 739 473 804 regio
488 738 604 805 insigni,
625 754 703 792 more
714 740 864 807 clientium,

61 813 269 880 praestiterint.

118 888 195 940 LXl.
218 888 365 952 Quoniam,
378 889 468 954 qualis
478 889 507 938 in
518 889 642 955 imperiis
653 906 687 941 ac
696 893 864 959 magistrati·

62 964 128 1028 bus,
149 964 326 1032 regendaque
339 979 390 1031 per
401 971 537 1016 terrarum
553 965 646 1014 orbem
657 980 725 1032 paee
734 967 864 1036 belloque

63 1038 209 1107 republica
223 1038 319 1102 buerit,
340 1039 469 1106 exposui3
489 1036 606 1088 referam
622 1053 695 1089 nnnc
704 1040 863 1093 interiorem

63 1130 96 1165 ac
105 1113 276 1166 familiarem
286 1114 345 1164 eius
355 1115 454 1178 vitam,
476 1113 629 1180 quibusque
642 1113 766 1165 moribus
782 1120 864 1182 atque

61 1189 178 1242 fortuna
188 1188 266 1240 domi
275 1195 303 1240 et
312 1189 384 1240 inter
394 1205 460 1240 suos
471 1188 570 1254 egerit,
583 1188 720 1239 niuventa
730 1204 817 1257 usqne
828 1191 864 1241 ad

61 1280 222 1333 supremum
232 1265 306 1316 vitae
316 1264 398 1315 diem.
426 1264 543 1315 Matrem
556 1263 648 1315 amisit
657 1263 686 1314 in
697 1265 786 1331 primo
799 1282 862 1317 con·

61 1341 169 1402 sulatu3
184 1354 311 1391 sororem
323 1339 465 1390 Octaviam
477 1339 733 1406 quinquagesimum
744 1346 772 1392 et
782 1357 862 1409 qnar-

61 1422 119 1466 tum
132 1430 218 1482 agens
230 1415 329 1466 aetatis
340 1430 449 1465 annum.
481 1415 606 1482 Utrique,
618 1418 862 1486 quampraecipue

63 1489 158 1541 officia
170 1491 252 1542 vivae
265 1490 460 1557 praestitisset,
481 1490 564 1541 etiam
580 1489 725 1542 deiunctae
743 1490 862 1544 honores

62 1566 201 1616 maximos
211 1565 317 1622 tribuit,

119 1639 208 1690 LXll.
234 1639 369 1707 Sponsam
394 1637 492 1691 habuit
517 1638 677 1691 adolescens
698 1638 729 1691 P.
751 1639 863 1692 Servilii

62 1715 182 1766 Isaurici
202 1713 302 1777 filiam3
326 1715 375 1766 sed
388 1715 584 1767 reconciliatus
597 1721 662 1783 post
674 1716 791 1782 primam
807 1716 862 1768 dis-

65 1790 190 1841 cordiam
207 1789 340 1854 Antonio,
356 1788 595 1856 expostulantibus
610 1791 753 1857 utriusque
767 1792 862 1843 militi·

61 1865 164 1929 bus,ut
173 1870 200 1916 et
210 1865 412 1916 necessitudine
418 1864 512 1931 aliqua
517 1865 702 1930 iungerentur,
709 1867 778 1931 privi
781 1881 863 1932 gnam

61 1942 122 1993 eius
139 1939 299 2003 Claudiam,
318 1940 434 1991 Fulviae
449 1953 483 1989 ex
497 1937 529 1988 P.
546 1937 645 1989 Clodio
664 1938 763 2002 filiam,
785 1940 865 1991 duxit

60 2030 193 2080 uxorem,
208 2015 320 2066 vixdum
334 2014 470 2067 nubilem:
491 2027 525 2064 ac
538 2012 678 2063 simultate
694 2028 755 2062 oum
765 2012 865 2064 Fulvia

63 2106 149 2142 socru
163 2095 275 2153 exorta,
296 2089 402 2141 dimisit
420 2089 553 2140 intactam
575 2085 665 2138 adhuc
680 2093 707 2138 et
720 2087 863 2155 virginem.

61 2165 132 2218 Mox
147 2163 322 2218 Scriboniam
337 2166 365 2215 in
385 2164 591 2216 matrimonium
612 2163 730 2230 accepit,
751 2171 865 2233 nuptam

64 2247 128 2292 ante
140 2241 251 2292 duobus
262 2240 467 2304 consularibus,
488 2255 523 2291 ex
537 2239 625 2290 altero
641 2240 724 2291 etiam
739 2246 863 2293 matrem.

65 2317 133 2367 Cum
145 2315 200 2367 hae
210 2316 294 2368 etiam
306 2316 453 2366 divortium
464 2314 539 2378 iecit,
550 2321 706 2382 pertaesus,
716 2321 748 2366 nt
758 2317 864 2380 scribit,

61 2407 173 2443 morum
189 2391 396 2459 perversitatem
411 2390 483 2451 eius3
509 2404 542 2440 ae
561 2391 654 2441 statim
668 2389 777 2440 Liviam
793 2389 865 2440 Dru-

64 2467 158 2519 sillam
168 2466 348 2519 matrimonio
360 2465 468 2516 Tiberii
477 2462 608 2530 Neronis,
630 2464 776 2532 etquidem
786 2479 865 2530 prae·

63 2548 209 2610 guantem,
231 2541 359 2605 abduxit,
380 2539 531 2606 dilexitque
546 2545 574 2591 et
585 2539 716 2607 probavit
733 2537 814 2588 unice
834 2553 867 2587 ac

62 2624 283 2687 perseveranter.

120 2693 224 2745 LXlll.
244 2692 287 2743 Ex
298 2690 445 2744 Scribonia
454 2687 553 2739 lulium
558 2727 566 2754 ,
582 2686 708 2740 exlnlvia
718 2684 788 2737 nihil
798 2687 865 2740 libe·

62 2785 160 2822 rornm
171 2768 244 2834 tulit,
257 2784 338 2840 quum
350 2767 469 2818 maxime
481 2769 600 2832 cuperet.
628 2761 731 2826 Infans,
744 2763 791 2834 qui
801 2779 865 2815 eon·
