2026 3020
118 233 153 288 76
300 308 305 317 .
398 239 424 286 c.
447 233 634 286 stroNu

119 360 325 429 septemdecim,
346 377 380 414 ac
392 365 469 415 vocis
483 364 640 416 immensae.
680 360 808 422 Quodam
824 367 923 414 autem
999 423 1000 426 Ἴ

118 438 238 489 muneris
249 437 293 488 dic
299 437 464 490 Parthorum
476 439 594 502 obsides,
605 444 671 488 tunc
680 437 921 503 primummissos,
999 469 1000 482 ι

117 528 167 580 per
177 527 288 563 arenam
298 513 417 563 mediam
428 514 464 564 ad
478 512 664 580 spectaculum
677 511 799 576 induxit,
822 525 921 578 super·

118 603 170 655 que
184 603 214 638 se
228 587 360 638 subsellio
376 589 495 640 secundo
508 588 663 639 collocavit.
704 586 820 638 Solebat
829 587 918 638 ctiam

118 663 188 711 citra
198 662 418 728 spectaculorum
429 663 500 727 dies,
516 661 661 729 siquando
674 661 739 727 quid
749 662 917 712 inusitatum
999 677 1000 704 ι

117 736 282 802 dignumque
293 737 406 803 cognitu
416 738 558 790 advectum
569 743 648 800 esset,
658 737 688 787 id
699 742 777 788 extra
787 736 917 787 ordinem
999 749 1000 752 ’

117 811 241 876 quolibet
256 811 319 862 loco
334 812 488 878 publicare:
512 819 544 862 ut
556 811 758 862 rhinocerotem
775 811 851 878 apud
868 811 916 862 Se-

116 891 177 951 pta;
196 885 290 950 tigrim
300 887 329 936 in
344 902 439 949 scena;
460 902 575 954 anguem
591 887 790 954 quinquaginta
806 887 916 938 cubito·
948 944 952 946 ,

116 975 176 1009 rum
196 975 247 1025 pro
269 961 392 1012 comitio.
431 962 539 1012 Accidit
557 962 658 1012 votivis
674 962 863 1025 Circensibus,
884 967 916 1011 ut

115 1027 258 1101 'deneptus
268 1036 437 1101 valetudine,
454 1036 552 1088 lectica
563 1037 678 1100 cubans,
693 1042 786 1087 tensas
796 1034 915 1087 deduce·

116 1116 170 1159 ret:
191 1125 285 1160 mrsus
297 1113 491 1163 commissione
501 1112 642 1176 ludorum,
665 1112 764 1177 quibus
774 1109 914 1162 theatrum

116 1184 243 1236 Marcelli
254 1185 413 1249 dedicabat,
435 1187 537 1250 evcnit,
558 1192 589 1237 ut
599 1186 700 1236 laxatis
711 1185 797 1237 sellae
807 1187 914 1237 curulis

117 1260 296 1326 compagibus
308 1260 417 1311 caderet
427 1260 550 1327 supinus.
580 1255 718 1328 Nepotu'm
728 1261 838 1328 qu'oque
849 1277 914 1312 suo·
999 1299 1000 1310 ,

115 1349 175 1383 rum
186 1349 310 1397 munere,
326 1351 408 1402 quum
421 1340 624 1386 consternatum
634 1337 730 1387 ruinae
740 1342 815 1388 metu
824 1352 913 1404 popu·
999 1329 1000 1388 l

115 1407 172 1457 lum
182 1408 300 1459 retinere
310 1416 338 1460 et
348 1411 510 1463 confirmare
520 1410 596 1463 nullo
608 1411 691 1463 modo
703 1417 810 1478 posset,
821 1417 912 1462 trans-
999 1409 1000 1470 l

115 1483 149 1532 iit
159 1498 173 1532 e
184 1482 246 1534 loco
258 1491 408 1552 sno,atque
418 1486 447 1536 in
458 1501 491 1538 ca
500 1493 579 1553 parte
591 1485 724 1550 consedit,
736 1501 806 1553 quae
818 1501 912 1554 suspe-

116 1562 160 1607 cta
170 1559 288 1612 maxime
299 1567 366 1612 erat.
999 1603 1000 1626 ,

170 1633 270 1684 XLIV.
296 1634 445 1701 Spectandi
469 1635 689 1686 conhuissirnnm
716 1652 749 1686 ae
772 1637 910 1689 solutissi-
999 1633 1000 1642 ’

117 1723 189 1758 mum
208 1724 310 1759 morem
332 1710 453 1762 correxit
472 1711 675 1778 ordinavitque,
696 1718 788 1764 motus
807 1712 911 1762 iniuria

116 1783 261 1846 senatoris,
268 1798 347 1850 quem
358 1783 482 1836 Puteolis
492 1801 542 1853 per
553 1787 744 1839 celeberrimos
754 1787 837 1838 ludos
849 1803 910 1838 con-

116 1873 193 1907 sessu
212 1857 350 1925 frequenti
369 1876 449 1912 nemo
470 1868 620 1928 receperat.
657 1861 744 1912 Facto
764 1863 853 1928 igitur
866 1863 910 1912 de-

116 1936 190 1984 creto
205 1939 328 2000 patrum,
348 1941 390 2000 ut,
413 1937 521 2003 quoties
537 1937 604 2004 quid
624 1937 775 2004 spectaculi
793 1953 909 2005 usquam

116 2009 225 2074 publice
236 2009 373 2075 ederetur,
395 2012 499 2078 primus
514 2010 709 2062 subselliorum
719 2013 788 2063 ordo
799 2020 910 2064 vacaret

117 2085 304 2147 senatoribns3
324 2086 429 2137 Romae
439 2085 547 2152 legatos
558 2085 705 2136 liberarum
717 2088 908 2156 sociarumque

115 2159 236 2223 gentium
251 2161 338 2210 vetuit
351 2161 381 2210 in
397 2158 539 2212 orchestra
553 2161 708 2226 considere,
730 2178 813 2229 quum
829 2179 908 2230 quos·

115 2232 178 2281 dam
200 2233 282 2282 etiam
302 2233 425 2285 libertini
448 2235 555 2301 generis
579 2237 652 2286 nritti
677 2236 906 2304 deprehendisset.

114 2306 232 2358 Militem
243 2308 359 2359 secrevit
369 2324 386 2359 a
395 2309 509 2376 populo.
543 2309 655 2361 Maritis
666 2327 680 2362 e
690 2311 770 2378 plebe
780 2316 907 2381 proprios

116 2382 227 2433 ordines
246 2383 410 2450 assignavit:
438 2387 618 2452 praetextatis
638 2401 751 2437 cuneum
771 2405 862 2453 suum,
882 2398 907 2440 et

115 2460 271 2524 proximum
282 2459 465 2526 paedagogis:
486 2461 644 2528 sanxitque,
665 2478 699 2512 ne
714 2464 776 2529 quis
790 2464 906 2530 pullato-

115 2548 175 2583 rum
189 2535 281 2586 media
295 2549 380 2586 cavea
393 2535 508 2587 sederet.
546 2535 668 2587 Feminis
686 2552 721 2588 ne
740 2537 906 2604 gladiatores

116 2608 234 2674 quidem,
244 2624 313 2678 quos
323 2611 479 2677 promiscue
489 2611 612 2678 spectari
621 2611 752 2664 sollemne
764 2613 830 2663 olim
841 2620 905 2676 erat,

12 2695 15 2764 p
115 2681 170 2731 nisi
180 2699 214 2734 ex
224 2686 366 2752 superiore
377 2686 440 2738 loco
452 2687 907 2754 spectarcconcessit.Solisv1r·

12 2784 86 2980 k
115 2755 226 2824 ginibus
244 2757 404 2815 Vestalibus
424 2761 546 2815 locrun
536 2777 566 2813 ur
585 2759 693 2814 theatro
715 2764 864 2832 separatim
883 2769 908 2815 et
