2050 3034
357 125 361 150 l

169 211 218 279 192
446 224 473 272 o.
499 221 686 274 sunromr

169 352 389 424 praecipitatum.
413 349 609 419 Prodigiorum
619 350 683 402 loeo
695 348 792 401 habita
802 353 867 400 sunt
877 343 975 415 etiam,

170 445 241 499 qnae
251 427 323 480 forte
333 427 384 478 illo
394 429 456 494 ipso
469 428 513 479 die
523 427 617 494 paullo
628 426 705 492 prins
716 425 886 477 acciderant.
922 425 975 478 Sa-

171 506 298 556 crificans
312 519 452 570 respersus
468 509 509 554 est
523 500 732 571 phoenicopteri
751 501 897 568 sanguine.
937 501 975 552 Et

169 579 353 646 pantomimus
358 578 480 629 Mnester
488 577 660 644 tragoediam
672 576 793 640 saltavit,
805 591 890 642 qnam
902 575 971 626 olim
1007 623 1008 640 ἶ

169 654 366 720 Neoptolemus
376 653 526 719 tragoedus
536 650 970 718 ludis,quibusrerMacedonum
1007 685 1008 710 2

170 729 314 795 Philippus
326 729 433 796 cccmus
445 734 494 792 est,
506 735 608 794 egerat.
643 727 679 776 Et
689 725 968 795 qurtminLaureolo

169 804 267 867 mimo,
287 803 316 853 in
331 818 385 869 quo
403 809 481 854 actor
495 803 650 870 proripiens
665 817 694 852 se
707 801 789 852 ruina
804 803 969 868 sangninem
1007 807 1008 812 ’

168 878 267 940 remit,
289 879 382 944 plures
402 879 582 930 secumdamm
604 877 728 930 certatim
749 877 967 943 experimentum
1007 935 1008 954 χ

170 953 237 1003 artis
249 952 357 1018 darent,
374 969 471 1005 cruore
482 967 564 1005 scena
574 951 732 1002 abundavit.
771 950 934 1002 Parabatur
943 958 969 1002 et
1007 955 1008 1000 l

164 1029 198 1079 in
217 1035 324 1080 noctem
346 1028 543 1095 spectaculum,
565 1043 619 1096 quo
635 1033 796 1094 argumenta
813 1025 968 1078 inferorum

169 1117 218 1169 per
228 1105 380 1171 Aegyptios
391 1111 418 1156 et
428 1103 576 1170 Aethiopas
588 1103 799 1169 explicarentur.

225 1178 323 1229 LVlll.
334 1177 740 1242 NonoKalendasFebruarias,
752 1175 822 1228 hera
833 1177 916 1243 quasi
926 1193 967 1228 se·

168 1255 263 1320 ptima,
276 1260 427 1318 cunctatus,
434 1269 469 1304 an
481 1253 515 1309 ad
526 1253 671 1319 prandium
682 1262 814 1319 surgeret,
825 1259 967 1303 marcente

169 1326 259 1380 adhuc
269 1327 411 1380 stomacho
422 1328 543 1396 pridiani
554 1329 610 1379 cibi
620 1343 715 1391 onere,
724 1326 836 1378 tandem
848 1327 967 1378 suaden-

168 1404 243 1454 tibus
263 1405 359 1454 amicis
380 1419 506 1472 egressus
526 1415 575 1455 est.
616 1402 706 1463 Quum
728 1403 758 1453 in
783 1408 896 1468 crypta,
917 1418 967 1469 per

169 1493 251 1544 qnam
270 1480 465 1530 transeundum
487 1485 559 1542 erat,
579 1479 658 1545 pueri
677 1477 784 1529 nobiles
799 1491 834 1528 ex
847 1476 916 1528 Asia
931 1477 968 1527 ad

169 1553 289 1605 edendas
298 1555 327 1604 in
338 1569 420 1605 scena
434 1569 533 1621 operas
548 1554 656 1604 evocati
670 1557 915 1620 praepararentur,
939 1559 969 1603 nt

169 1644 218 1679 eos
227 1627 374 1695 inspiceret
384 1626 606 1695 hortareturque,
627 1628 737 1679 restitit.
775 1627 816 1678 Ac
824 1628 883 1678 nisi
892 1629 967 1694 prin-

170 1717 233 1767 ceps
243 1703 334 1768 gregis
346 1703 437 1769 algere
447 1717 476 1754 se
488 1702 599 1767 diceret,
611 1703 701 1754 redire
713 1717 746 1753 ac
756 1709 965 1770 repraesentare

169 1778 354 1841 spectaculum
363 1777 461 1828 voluit.
500 1778 609 1845 Duplex
621 1776 719 1830 dehinc
728 1777 805 1828 fama
819 1783 871 1828 est.
911 1779 968 1828 Alii

167 1851 292 1917 tradunt,
314 1852 466 1920 alloquenti
479 1869 580 1920 pueros
596 1869 613 1903 a
626 1859 703 1920 tergo
716 1851 869 1904 Chaeream
881 1855 967 1904 cervi-

169 1941 227 1979 cem
247 1927 340 1994 gledio
361 1929 460 1981 caesim
475 1929 596 1996 graviter
609 1929 789 1995 percussisse,
812 1929 969 1993 praemissa

167 2017 243 2067 voce,
256 2003 316 2056 Hoc
326 2020 393 2073 age;
414 2002 512 2055 dehinc
522 2003 678 2054 Cornelium
691 2002 837 2067 Sabinum,
850 2003 968 2054 alterum

169 2093 183 2127 e
195 2079 346 2130 coniuratis
356 2079 509 2142 tribunum,
531 2094 564 2130 ex
575 2078 690 2130 adverso
701 2078 847 2130 traiecisse
858 2083 967 2145 pectus:

169 2151 231 2216 alii,
253 2153 397 2217 Sabinum,
419 2160 555 2204 summota
572 2169 621 2219 per
642 2153 769 2204 conscios
790 2154 968 2204 centuriones

167 2226 262 2290 turba,
278 2228 385 2294 signum
395 2243 471 2278 more
481 2227 598 2280 militiae
609 2229 723 2294 petisse,
739 2233 779 2291 et,
796 2227 866 2280 Caio
878 2227 967 2280 locem

93 2345 109 2355 ,,
169 2293 263 2365 dante,
280 2299 428 2352 Chaeream
440 2301 620 2366 exclamasse,
636 2302 733 2370 Accipe
742 2301 858 2365 irenem,
879 2304 967 2370 respi-

169 2375 305 2443 cientique
318 2376 460 2427 maxillam
474 2377 532 2428 ictu
547 2378 701 2429 discidisse.
739 2378 881 2430 lacentem
902 2393 967 2430 con-

167 2452 317 2519 tractisque
336 2451 464 2502 membris
485 2452 682 2517 clamitantem,
704 2469 733 2504 se
751 2453 860 2517 vivere,
882 2454 967 2505 ceteri

166 2515 326 2578 vulneribus
332 2523 453 2594 ‘triginta
467 2527 651 2579 coniecerunt.
691 2527 763 2578 Nam
778 2529 890 2596 signum
906 2536 968 2580 erat
1007 2563 1008 2568 ,

168 2602 297 2665 omnium,
308 2601 413 2670 Repete.
446 2602 564 2663 Quidem
575 2605 657 2654 etiam
668 2618 717 2670 per
728 2604 851 2655 obscena
860 2603 965 2658 ferrum

168 2673 325 2742 adegerunt.
363 2677 405 2728 Ad
414 2677 531 2744 primum
542 2679 687 2730 tumultum
697 2677 836 2732 lecticarii
847 2696 911 2732 cum
923 2696 965 2732 as·

167 2749 272 2802 aeribus
292 2751 321 2801 in
342 2754 474 2806 aemilium
494 2761 717 2819 accucurrenmt5
743 2769 809 2807 mox
830 2753 965 2810 Gennanl
