2036 3022
117 213 167 268 252
398 215 424 260 C.
450 211 634 260 SUETONH

119 339 255 404 autumni,
275 354 330 408 qua
346 339 460 407 triginta
478 337 604 390 frutetum
620 337 708 390 mittio
726 339 756 390 in
776 339 914 392 rotimum

118 415 258 468 Libit'urae
268 420 412 477 venerum
424 413 690 478 eladeeBritanniea,
701 429 757 482 qua
767 414 822 466 duo
833 431 914 483 prae-

120 493 201 559 cipua
212 491 325 558 oppida,
337 505 438 556 magna
449 491 548 541 civium
558 489 752 556 sociorumque
763 489 860 555 caede,
872 490 914 542 di-

118 573 196 634 repta
216 572 291 628 sunt;
314 565 467 632 ignominia
478 565 519 615 ad
534 564 685 628 Orientem,
706 564 864 632 legionibus
883 566 914 616 in

117 641 245 694 Armenia
255 641 306 692 sub
316 641 410 707 iugum
425 640 531 705 missis,
552 653 687 708 aegreque
698 638 782 706 Syria
795 645 913 692 retenta.
1000 649 1001 684 ἑ

117 717 219 768 Mirrun
240 721 267 767 et
281 714 325 767 vel
338 716 485 782 praecipue
495 715 619 766 notabile
629 715 701 766 inter
710 712 779 766 hace
789 714 856 780 finit,
872 717 914 767 ni-

117 789 157 842 hil
167 807 228 842 eum
238 791 387 859 patientius
397 805 478 858 quam
493 790 641 843 maledicta
650 795 678 841 et
688 790 815 842 convicia
824 788 914 844 boni-

116 882 181 918 uum
191 865 301 927 tulisse;
321 881 409 933 neque
422 865 452 916 in
466 865 540 918 ullos
556 865 701 928 leniorem,
722 880 804 934 quam
819 867 870 932 qui
884 883 914 918 se

117 941 198 992 dictis
209 946 257 992 aut
267 941 433 992 carminibus
443 941 625 1005 lacessissent,
636 939 783 994 exstitisse.
821 941 915 994 Multa

119 1015 223 1068 Graece
233 1015 387 1086 Latineque
397 1017 554 1084 proscripta
564 1021 613 1068 aut
620 1015 733 1084 vulgata
744 1021 820 1082 sunt,
840 1017 915 1069 siem

115 1091 178 1144 iila:

207 1165 308 1233 Νέρων,
317 1161 445 1233 Ὀρέστης,
453 1161 608 1225 Hieremiae,
617 1161 800 1232 μητροκτόνοι.

207 1295 368 1370 Νεόνυμφόν
377 1307 470 1376 Νέρων
479 1305 549 1358 ἰδίαν
557 1303 646 1376 μητέρ’
657 1303 816 1358 ἀπέκτεινεν.

138 1451 203 1520 Quis
213 1461 303 1523 negot,
315 1451 419 1506 Aeneae
429 1469 529 1523 magno
539 1453 570 1504 de
579 1452 660 1520 stirpe
670 1451 818 1504 Neronem?

77 1594 82 1606 ι
173 1527 758 1596 Sustulitbe'emotrem,sustulitiliepotrem

135 1677 208 1731 Dnm
219 1678 304 1730 tendit
312 1677 444 1730 citharam
453 1687 551 1740 noster,
563 1678 624 1730 dum
634 1694 734 1732 cornua
744 1676 874 1741 Partbue,

172 1752 269 1806 Noster
279 1752 332 1805 erit
341 1752 441 1817 Paean,
452 1752 495 1806 ille
505 1749 699 1818 ἕκωῑηβελὲτης.
784 1799 786 1802 .

134 1903 221 1956 Romo
231 1904 391 1975 domusfiet:
419 1902 496 1956 Veios
506 1902 630 1972 migrate,
644 1902 770 1969 Quirites,

174 1981 205 2032 st
214 1998 266 2034 non
276 1990 303 2032 et
317 1979 394 2032 Veios
404 1987 516 2048 occupat
523 1978 577 2031 isto
587 1980 685 2031 domos.

118 2069 172 2122 Sed
181 2085 269 2139 neque
279 2076 406 2123 auctores
419 2069 575 2138 requisivit,
596 2075 624 2121 et
638 2069 772 2137 quosdam
782 2085 833 2138 per
842 2070 913 2122 indi-

118 2162 175 2198 cem
187 2147 294 2198 delatos
305 2146 341 2197 ad
351 2152 485 2208 senatum,
496 2145 570 2195 attici
579 2147 707 2212 graviore
717 2161 809 2214 poena
818 2144 913 2213 probi·

117 2221 186 2273 buit.
211 2221 409 2274 Transeuutem
420 2235 481 2272 euru
491 2219 616 2271 Isidorus
627 2221 748 2288 Cynicus
757 2222 788 2272 in
798 2221 913 2289 publico

118 2296 194 2348 clara
203 2312 272 2348 voce
283 2297 463 2364 corripuerat,
475 2295 545 2360 qood
553 2292 664 2364 Nauplii
672 2297 742 2348 molo
753 2297 816 2348 bene
826 2295 913 2349 een&-

117 2380 199 2434 taret,
220 2388 269 2423 soa
284 2371 351 2424 bono
365 2371 432 2422 mule
446 2369 607 2437 disponeret:
631 2376 659 2424 et
671 2370 762 2424 Datus
772 2371 913 2424 Atellana-

116 2462 176 2498 rum
186 2446 284 2500 histrio
295 2449 324 2498 in
335 2446 442 2498 cantico
454 2445 583 2512 quodam,
594 2440 693 2508 iriam
702 2442 801 2514 πάτερ,
811 2441 912 2510 ὑγίαινε

116 2522 206 2588 μῆτερ,
217 2523 258 2574 ita
268 2522 516 2583 demonstraverat,
527 2527 558 2570 ut
567 2520 705 2574 bibentem
715 2527 914 2592 natantemque

116 2594 231 2661 faceret,
247 2598 350 2648 exitum
360 2595 467 2647 scilieet
476 2595 588 2646 Claudii
596 2595 817 2668 Agrippinaeque
827 2597 914 2667 signi·

116 2669 214 2722 tinans:
234 2678 261 2724 et
270 2673 300 2723 in
309 2671 461 2723 novmsima
471 2670 604 2735 clausula,

337 2739 423 2798 Orode
431 2745 502 2798 sotis
512 2745 586 2798 tunt
591 2746 677 2814 pedes,
