2036 3022
119 223 169 276 rso
393 225 420 270 c.
447 223 636 272 suarouu
721 219 724 225 ·
788 202 790 206 ’

119 367 179 404 rum
197 350 275 418 prior
294 350 436 419 maiorque
450 349 613 412 Pisoniana,
634 348 751 412 Romam
776 351 921 418 posterior

118 426 274 490 Viniciana,
281 426 429 478 Beneventi
440 425 559 476 contlata
570 432 652 492 atque
664 425 771 476 detecta
781 433 832 479 est.
846 428 920 480 Cou-

118 503 204 556 iurati
215 501 354 553 avinculis
363 501 514 569 triplicium
526 506 683 552 catenarum
689 500 782 551 dixere
789 517 918 554 causam:

120 593 201 645 quum
213 577 324 644 quidam
335 577 436 627 crimen
447 576 520 626 ultro
532 575 691 638 faterentur,
698 576 917 629 nonnullictiam

74 637 85 660 ⁴
117 655 293 720 imputarent,
300 660 431 717 tanquam
442 651 523 701 aliter
531 651 576 700 illi
586 666 641 700 uou
652 657 765 716 possent
774 652 831 701 nisi
841 668 917 704 mor·

117 735 144 780 te
155 742 320 790 succurrere,
333 725 498 776 dedecorato
509 725 623 792 flagitiis
634 726 769 776 omnibus.
792 725 917 779 Damna-

117 810 208 855 torum
219 802 300 853 liberi
310 801 381 851 Urbe
392 801 478 869 pulsi,
500 801 641 867 euectiquc
654 816 758 852 veneno
771 808 820 853 aut
829 800 916 856 lame.

118 879 245 941 Constat,
267 876 400 946 quosdam
417 892 477 928 cum
492 875 661 943 paedagogis
673 883 700 927 et
710 877 846 942 capsariis
856 894 915 931 uno

116 953 232 1022 prandio
245 953 349 1020 pariter
358 958 484 1015 necatos,
507 951 578 1004 alios
593 951 721 1002 diurnum
734 953 837 1003 victum
849 968 915 1019 pro-

116 1027 220 1081 hibitos
231 1043 369 1097 quaerere.

171 1103 311 1156 xxxvu.
332 1102 430 1155 Nullus
445 1099 561 1168 posthac
576 1099 716 1152 adhibitus
731 1100 854 1154 delectus
867 1110 915 1156 aut

115 1180 214 1230 modas
223 1177 405 1242 interimendi,
417 1191 595 1246 quoscunque
605 1177 740 1241 libuisset,
748 1192 914 1248 quacunque

116 1255 149 1306 de
161 1270 253 1305 causa.
293 1253 347 1305 Sed
361 1269 395 1304 ne
409 1253 443 1304 de
457 1251 583 1319 pluribus
596 1250 726 1316 referam,
747 1251 912 1306 Salvidieno

116 1329 203 1380 Orfito
215 1330 352 1380 obiectum
364 1334 416 1392 est,
429 1327 503 1398 quod
514 1327 643 1378 tabernas
653 1333 709 1378 tres
720 1326 753 1378 de
765 1327 848 1380 domo
860 1346 913 1381 sua
1009 1369 1010 1406 3

116 1404 291 1456 circatorum
307 1404 464 1456 civitatibus
478 1403 515 1453 ad
529 1402 676 1453 stationem
690 1402 822 1454 locasset:
844 1405 912 1455 Cas-
936 1428 938 1434 ¹

115 1479 292 1546 sioLongino
303 1477 510 1542 imisconsulto‚
517 1493 551 1528 ac
560 1477 709 1528 luminibus
719 1478 828 1543 orbato,
835 1481 912 1546 quod

113 1556 143 1606 in
153 1561 243 1607 vetere
253 1554 351 1622 gentili
365 1559 507 1604 stemmate
518 1552 548 1603 c.
561 1553 651 1606 Cassii
660 1555 831 1618 percussoris
844 1555 912 1608 Cae·
1008 1605 1009 1612 ,

115 1631 186 1682 saris
199 1630 334 1696 imagines
348 1629 517 1690 retinuisset3
542 1627 627 1680 Paeto
645 1626 784 1680 Thraseae
802 1631 913 1683 tristior
1008 1637 1009 1648 ¹

115 1712 142 1756 et
151 1705 308 1773 paedagogi
319 1703 418 1754 viduis.
451 1702 527 1754 Mori
537 1703 620 1754 iussis
630 1718 686 1754 non
694 1704 816 1770 amplius
827 1722 913 1772 quam

114 1779 244 1831 horarum
255 1779 373 1846 spatium
385 1777 477 1830 dabat.
516 1779 555 1829 Ac
567 1794 602 1830 ne
613 1778 679 1847 quid
689 1793 783 1831 morae
793 1780 913 1834 interve.
1007 1791 1008 1815 l

114 1857 198 1920 niret,
219 1856 341 1907 medicos
357 1854 534 1918 admovebat,
555 1852 601 1920 qui
614 1862 766 1906 cunctantes
784 1855 912 1908 continuo

81 1973 83 1980 Α
115 1939 253 1983 curarent:
272 1932 313 1982 ita
328 1931 399 1982 enim
409 1930 528 1982 vocabat
537 1944 621 1981 venas
631 1929 729 1980 mortis
740 1931 833 1996 gratia
843 1931 913 1983 inci-

115 2006 188 2058 dere.
227 2006 355 2058 Creditur
374 2006 456 2058 etiam
475 2002 635 2071 polyphago
657 2003 766 2054 cuidam
780 2005 914 2074 Aegyptii
1005 2029 1006 2086 p

114 2083 234 2148 generis,
252 2081 363 2132 crudam
375 2095 496 2143 carneus,
513 2084 539 2130 et
553 2079 683 2146 quicquid
695 2078 819 2144 daretur,
834 2097 913 2142 man.
1005 2093 1006 2108 π

115 2157 179 2207 dere
200 2162 325 2219 assueto,
347 2155 507 2222 concupisse
526 2155 605 2204 vivos
624 2152 748 2205 housines
762 2154 912 2208 laniandos

116 2231 353 2297 absumendosque
364 2230 492 2282 obiicere.
532 2228 629 2280 Elatus
643 2227 809 2298 inflatusque
824 2233 912 2282 tantis

113 2306 189 2356 velut
198 2305 495 2372 successibus,negavit
505 2319 659 2370 poeniceam
664 2302 817 2371 principum
822 2305 910 2370 sehse,

115 2381 179 2446 quid
187 2380 238 2432 sibi
246 2381 344 2434 liceret.
383 2380 540 2448 Multasque
554 2395 605 2430 neo
619 2379 718 2430 dubias
728 2379 911 2447 significatio·

113 2471 162 2507 nes
172 2473 254 2524 saepe
264 2456 337 2520 iecit,
344 2472 377 2508 ne
388 2455 503 2522 reliquis
514 2455 622 2523 quidem
630 2470 664 2505 se
673 2469 820 2523 parsurum
831 2472 910 2508 sena-

113 2532 235 2594 toribus;
256 2547 371 2601 eumque
387 2531 510 2583 ordinem
525 2531 696 2581 sublaturum
713 2531 880 2599 quandoque
895 2549 911 2586 e

113 2607 267 2671 republica,
283 2623 316 2658 ac
325 2607 482 2675 provincias
498 2611 525 2656 et
539 2606 673 2658 exercitus
684 2606 771 2673 equiti
779 2605 909 2660 Romano

115 2691 148 2726 ac
157 2679 263 2732 libertis
273 2683 477 2749 permissurum.
517 2681 595 2732 Certe
604 2696 692 2748 neque
704 2681 852 2748 adveniens
862 2699 910 2736 ne-

114 2756 352 2819 queproticiscens
368 2771 529 2825 quemquam
546 2756 640 2809 osculo
656 2757 802 2825 irupcrtiit,
824 2773 859 2810 ac
873 2775 910 2821 ne
