2036 3022
314 242 448 292 esces.
484 245 560 292 car.
579 243 696 292 19-22.
726 212 728 215 ’
856 241 905 292 277

105 367 213 433 fruaris
227 375 315 421 aetate
330 378 395 432 tua,·
418 371 536 424 maxime
549 370 653 422 irritati
671 369 706 420 ad
725 369 809 436 talem
828 368 905 420 ioco·

104 462 169 499 rum
184 444 380 514 petulantiam,
401 446 476 514 quod
491 452 554 498 aute
568 461 673 516 paucos
688 445 747 495 dies
761 443 866 495 exierat
874 443 905 492 in

103 520 216 588 vulgus,
227 518 353 572 laudanti
364 521 472 574 cuidam
483 520 602 574 formam
612 536 702 584 snam,
713 524 746 570 ut
755 516 845 570 adbuc
854 516 904 570 flo-

104 596 198 649 ridam
219 601 246 646 et
265 602 397 662 vegetam,
418 596 593 665 respondisse
607 611 677 660 eum,
693 589 749 642 Ἔτι
766 609 813 652 μω
828 591 904 651 μένος

105 665 222 730 ἔμπεδόν
233 667 308 716 ἔστιν.
349 671 390 722 Ab
410 669 453 721 his
468 671 595 724 Patrobii
609 669 763 730 Neroniani
780 669 904 732 libertus,

108 751 217 797 centum
229 746 319 796 aureis
329 744 508 812 redemptum,
519 762 552 798 eo
563 746 640 812 loco,
650 747 700 798 ubi
709 747 788 798 iussu
798 743 905 795 Galbae

107 820 329 872 animadversum
340 820 369 870 in
379 825 526 887 patronum
536 820 634 886 fuerat,
646 821 755 873 abiecit.
768 819 835 873 Sero
845 825 905 870 tan-

107 897 172 947 dem
183 895 358 962 dispensator
367 895 467 962 Argius
478 893 580 959 etboc,
602 903 630 947 et
645 901 763 947 ceterum
778 901 905 947 truncum

107 973 139 1023 in
148 969 266 1038 privatis
276 969 335 1021 eius
345 968 434 1021 hortis
443 970 571 1021 Aureliae
581 969 643 1022 viae
653 969 810 1037 sepulturae
821 970 905 1021 dedit.

166 1044 241 1096 xxl.
263 1044 376 1096 Statura
384 1046 460 1096 lusta
469 1045 531 1109 luit,
544 1045 634 1112 capite
644 1044 806 1112 praecalvo,
818 1045 907 1096 oculis

110 1119 260 1184 caeruleis,
277 1120 384 1172 adunco
395 1135 477 1184 naso,
488 1121 615 1173 manibus
625 1119 798 1188 pedibusque
807 1119 907 1170 articu-

108 1197 167 1248 lari
176 1195 273 1247 morbo
285 1195 502 1260 distortissimis,
518 1201 551 1246 ut
559 1211 647 1263 neque
658 1194 779 1246 calceum
790 1194 906 1264 perpeti,

108 1287 162 1322 nec
172 1269 283 1321 libellos
294 1272 419 1322 evolvere
430 1277 478 1322 aut
486 1277 578 1324 tenere
590 1269 700 1323 omuino
711 1269 824 1321 valeret.
853 1267 910 1318 Ex:

111 1351 237 1398 creverat
247 1340 329 1396 etiam
344 1346 374 1396 in
388 1346 542 1398 dexteriore
557 1345 643 1398 latere
657 1346 717 1396 eius
732 1359 811 1410 caro,
830 1359 909 1413 prae·

111 1420 305 1491 pendebatque
315 1419 394 1484 adeo,
406 1427 438 1472 ut
447 1436 529 1489 aegre
538 1420 627 1472 fascia
636 1421 876 1488 substringeretur.

170 1494 259 1546 xxii.
280 1495 342 1546 cibi
355 1496 468 1562 plurimi
482 1497 613 1560 traditur,
634 1511 714 1564 quem
733 1501 857 1562 tempore
871 1493 911 1544 bi-

112 1573 202 1624 berno
218 1571 301 1620 etiam
317 1576 379 1621 aute
394 1571 481 1622 lucem
503 1587 601 1640 capere
621 1575 814 1634 consueverat3
838 1570 911 1620 inter

113 1659 301 1698 coenamvero
311 1661 398 1712 usque
409 1661 441 1697 eo
454 1645 627 1711 abundantis,
634 1651 666 1696 ut
675 1651 820 1714 congestas
830 1659 913 1713 super

112 1735 214 1774 manus
227 1719 360 1786 reliquias
380 1720 550 1772 circumferri
567 1721 687 1785 iuberet,
708 1722 856 1789 spargique
877 1719 912 1770 ad

115 1885 165 1922 eos
179 1885 235 1922 nou
249 1869 306 1920 nisi
318 1869 472 1936 praeduros
487 1870 674 1937 exoletosque.
713 1869 862 1933 Ferebant,
882 1869 911 1919 in

114 1944 255 2012 Hispania
265 1944 366 1996 Icelum
377 1962 392 1996 e
402 1945 540 1996 veteribus
555 1945 729 2009 concubinis,
750 1944 783 1995 de
793 1943 913 1995 Neronis

115 2020 194 2072 exitu
206 2020 395 2083 nsrnuautem,
414 2035 470 2072 non
484 2019 568 2071 modo
584 2018 732 2070 artissimis
747 2017 850 2070 osculis
864 2032 913 2085 pa·

116 2095 174 2146 lam
193 2101 336 2162 exceptum
352 2095 447 2159 abeo,
469 2094 531 2160 sed,
551 2100 583 2146 ut
596 2095 655 2146 sine
670 2093 913 2156 matarelleretur,

117 2175 227 2222 oratum
238 2177 320 2238 atque
330 2169 481 2221 seductum.

173 2244 275 2297 XXlll.
295 2243 383 2296 Periit
395 2246 479 2297 tertio
495 2251 524 2296 et
537 2245 740 2313 septuagesimo
756 2245 856 2296 aetatis
867 2257 914 2294 an·

117 2337 168 2383 no,
179 2319 290 2387 imperii
299 2333 392 2371 mense
402 2321 529 2387 septimo.
568 2320 698 2385 Senatus,
712 2325 745 2372 ut
753 2321 871 2388 primum
882 2317 915 2368 li·

119 2397 203 2447 eitum
220 2393 286 2458 brit,
307 2401 426 2446 statuam
447 2396 473 2446 ei
492 2395 661 2459 decreverat,
681 2400 819 2446 rostratae
839 2392 915 2445 colu-

118 2486 199 2522 mnae
210 2476 409 2536 superstantem
419 2470 448 2520 in
458 2476 537 2539 parte
545 2469 614 2533 fori,
637 2485 691 2537 qua
699 2469 854 2522 caudatus
865 2463 927 2520 est.¹

118 2545 174 2599 Sed
185 2545 324 2598 decretum
335 2543 524 2613 Vespasianus
535 2544 665 2608 abolevit,
675 2557 851 2612 percussores
862 2543 916 2596 sibl

119 2635 154 2673 ex
163 2620 304 2690 Hispania
313 2620 343 2671 in
353 2619 484 2672 iudaeam
495 2620 664 2672 summisisse
675 2619 812 2685 opinatus.

409 2770 633 2808 *aesopus-—
