2026 3020
118 209 135 266 d
395 209 421 254 C·
444 205 632 254 SUETONll

121 349 205 404 reges.
244 332 275 384 ln
287 331 431 384 Corneliae
443 337 533 382 autem
548 330 640 380 locum
651 327 811 396 Pompeiam
827 329 918 395 duxit,

122 413 156 472 Q.
167 408 293 476 Pompeii
309 407 409 471 filiam,
425 405 459 456 L.
471 405 565 457 Sullae
579 408 701 470 neptem3
722 421 783 456 cum
799 420 854 472 qua
871 406 919 456 de-

121 485 185 536 inde
197 484 345 535 divortium
356 482 435 545 feeit,
447 480 629 531 adulteratam
641 481 769 546 opinatus
781 495 798 530 a
808 479 839 530 P.
852 480 919 532 Clo·
1009 521 1010 550 ,

123 561 184 622 dio;
206 574 285 626 quem
295 558 367 608 inter
376 556 502 624 publicas
518 555 700 608 caerimonias
710 560 868 622 penetrasse
880 555 918 606 ad
1009 563 1010 606 ἶ

124 650 184 687 eam
195 633 323 685 muliebri
337 638 479 684 vestatam
491 636 621 682 constans
630 629 706 681 fama
716 635 784 694 erat,
795 637 827 682 ut
837 645 918 681 seua·

122 718 167 762 tus
179 708 366 776 quaestionem
377 707 411 758 de
421 706 535 776 pollutis
546 706 633 761 sacris
644 705 802 756 decreverit.

179 783 239 834 Vll.
262 783 411 844 Quaestori
429 781 546 833 ulterior
560 781 698 848 Hispania
718 775 842 842 ob'venit3
867 781 921 832 ubi

125 875 208 930 quirum
219 858 351 909 mandatu
360 856 515 924 praetoris'
507 871 566 907 rnre
577 856 696 906 dicundo
709 860 857 906 conventus
865 856 920 905 cir-

126 935 248 998 cumiret,
261 931 407 1000 Gadesque
417 932 537 982 venisset
541 969 549 994 ,
561 930 752 982 animadversa
763 930 836 996 apud
846 930 920 981 Her·

126 1009 195 1060 culis
210 1008 341 1076 templum
351 1007 449 1074 Magni
458 1005 607 1056 Alexandri
621 1005 754 1071 imagine,
775 1005 921 1072 ingemuit,

126 1091 153 1136 et
169 1084 249 1152 quasi
263 1089 404 1150 pertaesus
419 1081 658 1148 ignaviamsuam,
670 1077 746 1148 quod
755 1076 891 1130 nihildum
903 1093 923 1130 a
959 1143 963 1151 ¹
1009 1101 1010 1136 γ

126 1175 155 1210 se
166 1157 344 1209 memorabile
360 1161 450 1206 achim
467 1161 539 1205 esset
553 1155 582 1204 in
597 1159 701 1216 aetate,
723 1168 778 1220 qua
791 1152 923 1204 ianrAle-
986 1171 989 1178 ·
1009 1153 1010 1186 ἓ

126 1233 231 1284 xander
243 1231 336 1282 orbem
347 1235 481 1280 terrarum
497 1227 663 1293 subegisset,
679 1227 838 1278 missionem
855 1243 923 1278 cou-
1003 1231 1010 1264 ‘t

94 1302 97 1310 '
126 1309 204 1359 tinuo
221 1305 383 1372 efflagitavit
398 1304 433 1354 ad
450 1302 600 1370 captandas
612 1317 692 1368 quam
703 1301 820 1368 primum
831 1303 922 1354 maio-
1009 1269 1010 1304 t

127 1398 186 1434 rum
207 1396 297 1432 rerum
319 1379 479 1432 occasiones
498 1377 528 1428 in
543 1375 624 1427 Urbe.
663 1376 754 1426 litiani
776 1375 923 1428 confusum
1009 1363 1010 1374 ¹

128 1473 188 1509 eum
210 1455 317 1507 somnio
339 1454 482 1522 proximae
502 1451 592 1502 noctis
614 1453 689 1514 (nam
704 1451 780 1502 visus
796 1456 855 1502 erat
869 1467 922 1518 per

129 1533 247 1602 quietem
258 1529 341 1582 matri
351 1534 474 1595 stuprum
484 1526 624 1589 intulisse)
636 1525 806 1578 coniectores
817 1525 852 1576 ad
863 1541 921 1578 am·
927 1565 933 1574 .

128 1607 280 1675 plissrmam
292 1621 367 1672 spem
377 1603 573 1665 incitaverunt,
591 1601 733 1652 arbitrium
750 1601 825 1652 orbis
834 1607 922 1652 terra
966 1639 968 1642 -
1007 1667 1009 1680 Ι

128 1699 188 1732 rum
200 1679 329 1748 portendi
343 1679 568 1746 interpretantes,
590 1676 699 1744 quando
716 1681 816 1739 nister,
838 1691 921 1743 quam

129 1757 281 1807 subiectam
292 1753 347 1805 s1b1
356 1752 484 1816 vidisset,
499 1767 555 1804 non
571 1751 628 1802 alia
639 1757 724 1814 esset,
741 1765 821 1818 quam
838 1756 923 1816 terra,

131 1847 201 1899 quiae
211 1829 332 1881 omnium
343 1844 442 1896 parens
452 1825 607 1879 haberetur

186 1905 259 1956 Vlll
280 1903 423 1956 Decedens
438 1919 503 1971 ergo
521 1908 584 1953 aute
593 1908 714 1969 tempus,
732 1901 857 1954 colonias
867 1897 923 1950 La

129 1983 204 2033 tinas
220 1981 253 2032 de
269 1979 387 2048 petenda
402 1978 514 2030 civitate
530 1978 667 2044 agitantes
682 1975 765 2038 adiit;
786 1981 813 2026 et
829 1975 864 2026 ad
876 1991 925 2026 an-

131 2057 247 2108 dendum
265 2053 370 2124 aliquid
387 2054 565 2114 concitasset,
586 2051 642 2100 nisi
656 2050 783 2101 consules
804 2051 925 2100 conscri-

131 2138 193 2198 ptus
202 2132 231 2180 in
243 2131 369 2180 Ciliciam
381 2128 503 2194 legiones
518 2125 671 2193 paullisper
686 2125 720 2178 ob
736 2125 765 2175 id
781 2125 871 2190 ipsum
883 2141 925 2176 re·
1008 2117 1009 2160 ἶ

130 2205 290 2255 tinuissent:
311 2219 361 2254 nec
376 2219 408 2254 eo
425 2201 515 2254 secius
525 2200 633 2251 maiora
643 2213 708 2252 mox
722 2200 751 2250 iu
762 2199 835 2250 Urbe
845 2200 926 2250 moli-

131 2286 176 2330 tus
188 2285 237 2330 est.

188 2354 235 2405 lX.
257 2351 397 2420 Siquidem
413 2358 476 2403 ante
491 2367 595 2418 pancos
612 2350 684 2414 dies,
701 2364 782 2416 quam
800 2347 929 2401 aedilita-

131 2436 186 2481 tem
196 2429 293 2491 iniret,
303 2427 414 2478 venitin
427 2427 612 2494 suspicionem
629 2425 803 2492 conspirasse
814 2440 875 2476 cum
887 2425 928 2476 M.

135 2505 236 2556 Crasso
248 2501 398 2566 consulari,
410 2503 475 2552 item
486 2501 516 2551 l‘.
529 2501 606 2553 Sulla
618 2505 645 2551 et
654 2499 688 2550 L.
699 2497 850 2562 Autronio,
862 2505 928 2567 post

133 2580 350 2647 designationem
368 2576 528 2628 consulatus
544 2577 663 2628 ambitus
679 2573 882 2638 condemnatis,
898 2581 931 2626 ut

131 2654 269 2722 principio
287 2655 351 2704 aursi
371 2659 494 2705 senatum
516 2653 705 2715 adorirentur,
726 2656 754 2702 et
772 2649 931 2714 mundatis,

133 2743 203 2800 quos
219 2729 350 2796 placitum
368 2737 452 2796 osset,
469 2729 634 2780 dictaturam
647 2728 762 2780 Crassus
777 2723 932 2791 invaderet,
1002 2731 1006 2742 ·
