2044 3028
199 213 204 220 ·
282 195 538 248 DOMITIANUS.
575 197 754 246 car.1-t.
864 195 913 249 325

121 327 198 372 ctare
219 320 366 386 dubitavit,
387 321 507 373 relicuum
521 337 548 372 se
557 322 716 390 participem
731 321 848 391 imperii,
869 322 915 374 sed
938 359 941 368 ,

110 396 244 469 fraudem
265 405 418 448 tentamento
438 396 593 448 adhibitam.
632 397 728 466 Neque
749 398 866 449 cessavit
880 412 914 448 ex

119 487 153 524 co
173 471 291 522 insidias
311 478 415 524 struere
435 469 517 524 fratri
536 473 606 523 clam
631 473 792 540 palamque3
822 473 913 538 quoad

119 553 275 612 correptum
285 547 364 613 gravi
373 546 543 612 valetudine,
564 548 641 614 prius
657 563 739 616 quam
749 548 830 616 plane
841 545 913 598 effla-

118 628 163 672 ret
173 622 300 686 animam,
311 638 362 689 pro
373 629 483 674 mortuo
495 623 585 674 deseri
593 625 687 675 iussit:
703 623 913 689 defimctumque

117 697 196 747 nullo
211 702 401 764 praeterquam
418 700 634 750 consecrationis
649 697 754 751 honore
775 699 912 765 dignatus,

118 771 295 838 saepe'etianr
307 772 411 838 carpsit
421 771 541 839 obliquis
553 775 725 826 orationibus
735 781 763 827 et
773 774 879 826 edictis.

176 846 222 896 lll.
242 846 316 898 luter
334 846 416 897 initia
429 847 613 914 principatus,
635 850 759 916 quotidie
780 855 914 901 secretum

118 921 174 971 sibi
188 919 328 972 horedum
350 936 457 972 sumere
475 921 596 972 solebat:
625 938 676 975 nee
694 925 839 993 quicquam
857 939 913 974 am·

116 996 205 1063 plius,
221 1011 301 1065 quam
314 1011 421 1048 muscas
433 1003 557 1062 captare,
569 1011 602 1046 ao
612 998 677 1048 stilo
687 1007 837 1064 praeacuto
849 1013 913 1049 con·

117 1072 215 1136 figere:
243 1077 274 1122 ut
294 1071 403 1122 cuidam
422 1071 617 1138 interroganti,
639 1079 744 1124 essetne
763 1074 824 1139 quis
839 1074 913 1124 intus

117 1161 180 1195 cum
202 1145 331 1209 Caesare,
352 1161 408 1197 non
428 1146 546 1197 absurde
565 1161 727 1214 responsum
742 1148 779 1198 sit
797 1164 814 1199 a
827 1145 911 1199 Vibio

117 1220 230 1286 Crispo,
252 1219 401 1272 Nemeseo
421 1221 533 1287 quidem.
572 1220 679 1273 Deinde
698 1237 814 1274 uxorem
833 1238 912 1274 suam

116 1295 286 1360 Domitiam,
307 1311 340 1346 ex
355 1311 410 1362 qua
424 1296 453 1346 in
469 1297 588 1348 secundo
603 1313 654 1348 suo
671 1298 816 1348 consulatu
825 1297 913 1350 filium

117 1369 229 1434 uslerat,
242 1370 385 1437 alteroque
396 1386 467 1422 anno
480 1371 702 1424 consalutaverat
710 1379 742 1423 ut
751 1373 911 1440 Augustam,

117 1445 246 1509 eandem,
258 1445 367 1496 Paridis
378 1443 521 1497 histrionis
533 1461 626 1499 amore
638 1447 819 1516 deperditam,
835 1464 913 1515 repu-

117 1521 221 1583 diavit3
250 1521 378 1588 intraque
402 1522 483 1573 breve
503 1529 609 1589 tempus
628 1523 774 1592 impatiens
794 1523 912 1588 dissidii,

116 1596 200 1663 quasi
214 1593 381 1663 efflagitante
400 1598 517 1666 populo,
538 1598 657 1650 reduxit.
697 1598 778 1650 Circa
796 1599 913 1650 admini·
965 1659 968 1670 ⁵

115 1671 280 1722 strationem
293 1672 403 1738 imperii
418 1672 590 1739 aliquamdiu
603 1690 632 1725 se
646 1674 753 1725 varium
764 1675 911 1743 praestitit,

114 1745 292 1813 mixturaque
303 1747 444 1812 aequabili
456 1748 589 1805 vitiorum
603 1756 685 1816 atque
698 1750 842 1815 virum,
863 1750 911 1802 dc·

114 1836 168 1872 nec
181 1821 296 1872 virtutes
312 1837 421 1890 quoque
435 1822 464 1871 iu
477 1822 547 1872 vitia
561 1821 684 1885 deflexit3
706 1831 835 1891 quantum
847 1841 911 1878 con-

112 1898 219 1947 iectare
233 1896 310 1960 lieet,
331 1912 412 1963 super
426 1897 531 1962 ingenii
543 1903 682 1961 naturam,
702 1899 799 1968 inopia
813 1915 910 1968 rapax,

113 1978 307 2024 metusaevus.

172 2045 219 2097 lV.
241 2045 404 2114 Spectacula
418 2047 564 2114 magnilica
578 2046 688 2098 assidue
703 2053 731 2099 et
750 2054 911 2118 sumptuosa

114 2120 216 2184 edidit,
238 2137 294 2172 non
312 2123 342 2172 in
366 2120 568 2188 amphitheatro
592 2122 690 2186 modo,
716 2138 808 2174 verum
828 2129 857 2175 et
880 2125 910 2175 in

115 2197 214 2247 Circo:
233 2193 283 2247 ubi
292 2203 401 2266 praeter
411 2197 556 2248 sollemnes
565 2197 692 2264 bigarum
703 2198 911 2266 quadrigarum·

113 2287 169 2338 que
181 2285 288 2334 cursus,
308 2271 443 2338 proelium
455 2272 555 2338 duplex
566 2273 661 2337 etiam,
682 2281 807 2342 equestre
822 2290 856 2326 ac
865 2290 911 2344 pe-

113 2346 215 2409 destre,
222 2347 372 2408 comndsit3
388 2362 421 2399 ac
430 2347 460 2396 iu
471 2345 672 2414 amphitheatro
682 2349 780 2401 navale
791 2365 910 2418 quoque.

111 2420 186 2472 Nam
197 2421 356 2473 venationes
371 2421 594 2490 gladiatoresque
608 2429 636 2474 et
649 2424 776 2476 noctibus
787 2424 823 2475 ad
833 2422 911 2492 lych-

112 2493 234 2556 nuchos;
254 2511 305 2547 nec
318 2497 440 2548 virorum
455 2496 538 2548 modo
554 2513 672 2566 pugnas,
694 2491 742 2550 sed
755 2505 783 2551 et
796 2497 909 2551 lamina·

112 2585 184 2623 nun.
223 2570 370 2624 Praeterea
385 2572 552 2639 quaestoriis
566 2573 736 2637 muneribus,
757 2589 827 2641 quae
842 2575 909 2628 olim

113 2646 220 2698 omissa
230 2653 419 2711 revocaverat,
439 2647 481 2698 ita
491 2661 598 2714 semper
606 2647 743 2713 interfuit,
764 2656 795 2701 ut
804 2651 908 2718 populo

111 2725 278 2794 potestatem
288 2721 400 2792 iaceret,
411 2723 477 2774 bina
486 2721 566 2791 paria
577 2739 591 2776 e
602 2739 652 2774 suo
664 2723 729 2775 ludo
740 2727 908 2796 postulandi,
