2044 3028
175 231 223 285 ssa
333 211 335 216 ’
453 219 483 280 u'
503 229 689 282 sosromr

120 399 123 409 .
175 361 229 413 Sed
240 375 322 429 quum
333 359 460 412 edoceret
473 360 528 410 iam
543 359 645 410 miiltos
655 374 689 408 ac
698 357 820 422 nobiles,
836 353 866 408 in
876 357 920 410 his
928 359 968 410 lu·

173 436 241 486 lium
255 436 416 498 Antonium,
431 435 568 486 triumuiri
587 434 684 497 lilium,
699 439 730 484 ut
744 432 844 484 Verrio
863 449 968 503 quoquc

173 511 274 562 Flacco
307 515 532 578 compararetur,
567 509 682 559 dimissa
715 516 826 574 repente
862 508 966 572 schola,
1010 541 1011 546 =

172 587 283 636 uansiit
295 585 331 635 ad
342 585 375 646 Q.
387 584 475 636 Sextii
485 582 644 652 philosophi
653 577 765 636 sectam.
1010 641 1011 646 η

229 660 303 710 ΧΙΧ.
325 659 497 711 Soarsonros
517 660 729 722 Aennonrsrus,
753 659 857 710 Orbilii
876 675 966 710 servus
1010 679 1011 688 ¹

173 741 255 803 atque
266 734 425 800 discipulus,
435 748 500 784 ntox
511 734 687 798 aScribonia,
692 732 812 784 Libonis
823 735 891 798 lilia,
901 750 966 801 quae

139 847 142 856 ,
172 809 370 876 priorAugusti
379 823 451 858 uxor
461 808 559 873 luerat,
571 809 726 874 redemptus
737 815 765 858 et
774 810 966 872 manumissus,

173 885 279 948 doudt,
300 899 354 950 quo
368 883 482 934 Verrius
498 890 633 950 tempore,
650 885 727 934 cuius
742 884 828 934 etiam
844 884 923 936 libris
939 885 968 934 de

172 957 365 1028 orthographia
375 959 524 1027 rescripsit,
535 975 591 1010 non
601 959 660 1010 sine
670 959 855 1010 insectatione
866 960 967 1010 studio-

171 1035 479 1101 rumnromnrqueeius.
534 1079 536 1084 .

227 1109 288 1161 XX.
310 1109 339 1160 C.
350 1109 448 1160 tomos
459 1108 605 1173 Hrornus,
615 1109 733 1176 Augusti
742 1109 869 1175 libertus,
880 1111 966 1161 natio·

172 1201 206 1236 ne
226 1185 367 1250 Hispanus
389 1183 527 1246 (nonnulli
541 1184 755 1235 Alexandrinum
776 1191 885 1251 putant,
906 1192 967 1236 eta

173 1260 290 1311 Caesare
304 1275 417 1326 puerum
432 1258 547 1310 Ruinam
563 1259 723 1323 adductum,
739 1259 911 1312 Alexandria
925 1277 966 1312 ca-

171 1337 244 1403 pta),
266 1334 389 1390 studiose
410 1341 437 1385 et
457 1334 546 1384 audiit
565 1340 592 1385 et
610 1335 734 1386 imitatus
750 1341 793 1385 est
809 1327 965 1387 Cornelium

170 1409 367 1473 Alexandrum,
378 1410 587 1476 grammaticum
599 1407 747 1472 Graecum,
760 1425 842 1476 quem
853 1419 964 1479 propter

113 1525 115 1530 .
172 1483 344 1557 antiquitatis
367 1484 496 1536 notitiam
516 1483 707 1552 Polybistorem
730 1485 830 1550 multi,
856 1485 965 1554 quidam

170 1558 319 1612 Historiam
333 1560 478 1612 vocabant.
518 1558 643 1610 Praelidt
656 1559 802 1612 Palatinae
821 1561 966 1613 bibliothe·

168 1643 238 1686 'caex
257 1651 307 1686 neo
327 1650 359 1686 eo
380 1634 469 1684 secius
484 1634 617 1702 plurimos
632 1634 744 1696 docuit3
765 1633 876 1705 fuitque
889 1637 965 1688 fanti·

170 1710 334 1760 liarissimus
350 1709 449 1760 Ovidio
470 1716 569 1777 poetae
589 1717 617 1761 et
637 1711 666 1760 C.
682 1709 793 1761 Licinio
816 1712 965 1774 cornulari,

170 1783 323 1836 historico:
345 1783 468 1851 quicum
485 1784 631 1836 admodum
652 1799 800 1854 pauperem
815 1786 966 1838 decessisse

170 1859 264 1924 tradit,
272 1865 298 1911 et
307 1859 474 1910 liberalitate
485 1875 544 1923 sua,
556 1860 648 1926 quoad
658 1860 766 1924 vixerit,
773 1867 965 1914 sustentatum.

169 1935 262 1986 liuius
275 1935 389 1988 libertus
399 1934 453 1986 fuit
462 1934 548 1986 lulius
557 1934 712 1999 Modestus,
727 1935 757 1986 in
771 1936 875 1988 studiis
887 1944 967 2004 atquc

172 2010 297 2062 doctrina
307 2011 423 2076 vestigia
433 2011 543 2077 patroni
553 2017 669 2061 secutus.

227 2085 301 2136 XXI.
323 2085 525 2149 C.Mun1ssus,
538 2084 644 2152 Spoleti
653 2091 747 2149 natus,
758 2086 909 2154 ingenuus,
921 2086 968 2138 sed

172 2162 207 2212 ob
219 2160 386 2212 discordiam
396 2167 538 2226 parentum
549 2161 703 2227 expositus,
715 2177 782 2212 cura
793 2168 821 2212 et
830 2164 968 2214 industria

172 2235 328 2286 educatoris
339 2235 382 2286 sui
392 2235 494 2286 altiora
504 2234 596 2286 studia
605 2237 728 2303 percepit
739 2254 745 2286 :
767 2251 799 2286 ac
809 2237 968 2289 Maecenati
1010 2273 1011 2296 ,

171 2325 220 2377 pro
241 2310 420 2377 granmraticc
442 2310 522 2362 datiis
542 2317 583 2360 est
602 2311 716 2362 muneri.
760 2311 813 2361 Cui
833 2327 919 2378 quum
939 2329 967 2362 se

156 2453 158 2457 Ι
170 2392 278 2450 gratum
289 2391 317 2435 et
332 2390 472 2451 acceptum
482 2385 511 2436 in
522 2385 632 2437 modum
644 2387 727 2437 amici
740 2385 855 2450 videret,
872 2403 966 2456 quam-

172 2475 253 2525 quam
264 2466 400 2510 asserente
411 2465 509 2523 matre,
521 2462 671 2527 permansit
680 2468 771 2512 tamen
782 2461 811 2511 in
822 2468 901 2513 statu
910 2477 966 2514 ser-

171 2533 283 2595 vitutis3
313 2539 536 2600 praesentemque
556 2535 841 2591 conditionemuerae
861 2538 965 2605 origini

171 2608 335 2672 anteposuit.
376 2608 466 2669 Quare
477 2609 531 2660 cito
543 2610 733 2675 manumissus,
743 2610 869 2676 Augusto
882 2613 964 2664 etiam

169 2679 323 2731 insinuatus
333 2688 392 2732 est:
413 2698 467 2749 quo
480 2683 629 2750 delegante,
642 2701 734 2738 curam
746 2685 965 2740 ordinandarum

170 2749 397 2808 bibliothecarum
417 2757 446 2806 in
467 2757 597 2810 Octaviae
617 2762 727 2826 pottieu
747 2761 879 2830 suscepit.
920 2763 965 2813 At·
