<?xml version="1.0" encoding="UTF-8"?>
<!DOCTYPE html PUBLIC "-//W3C//DTD XHTML 1.0 Transitional//EN"
    "http://www.w3.org/TR/xhtml1/DTD/xhtml1-transitional.dtd">
<html xmlns="http://www.w3.org/1999/xhtml" xml:lang="en" lang="en">
 <head>
  <title>
</title>
<meta http-equiv="Content-Type" content="text/html;charset=utf-8" />
  <meta name='ocr-system' content='tesseract 3.04.00' />
  <meta name='ocr-capabilities' content='ocr_page ocr_carea ocr_par ocr_line ocrx_word'/>
</head>
<body>
  <div class='ocr_page' id='page_1' title='image "./csuetoniitranqu05suetgoog_0353.png"; bbox 0 0 2044 3028; ppageno 0'>
   <div class='ocr_carea' id='block_1_1' title="bbox 239 217 905 270">
    <p class='ocr_par' dir='ltr' id='par_1_1' title="bbox 239 217 905 270">
     <span class='ocr_line' id='line_1_1' title="bbox 239 217 905 270; baseline 0.005 -3"><span class='ocrx_word' id='word_1_1' title='bbox 239 221 284 268; x_wconf 80' lang='lat' dir='ltr'><strong>DE</strong></span> <span class='ocrx_word' id='word_1_2' title='bbox 303 219 516 268; x_wconf 79' lang='lat' dir='ltr'>ILLUSTRIBUS</span> <span class='ocrx_word' id='word_1_3' title='bbox 534 219 777 268; x_wconf 80' lang='lat' dir='ltr'><strong>GRAMMATICIS.</strong></span> <span class='ocrx_word' id='word_1_4' title='bbox 856 217 905 270; x_wconf 67' lang='grc'><strong>343</strong></span> 
     </span>
    </p>
   </div>
   <div class='ocr_carea' id='block_1_2' title="bbox 9 344 1012 2822">
    <p class='ocr_par' dir='ltr' id='par_1_2' title="bbox 9 344 1012 2822">
     <span class='ocr_line' id='line_1_2' title="bbox 108 344 905 416; baseline -0.004 -16"><span class='ocrx_word' id='word_1_5' title='bbox 108 348 224 416; x_wconf 87' lang='lat' dir='ltr'><strong>peribus</strong></span> <span class='ocrx_word' id='word_1_6' title='bbox 235 345 399 415; x_wconf 85' lang='lat' dir='ltr'><strong>quibusdam</strong></span> <span class='ocrx_word' id='word_1_7' title='bbox 413 361 495 414; x_wconf 83' lang='lat' dir='ltr'><strong>super</strong></span> <span class='ocrx_word' id='word_1_8' title='bbox 504 345 558 396; x_wconf 87' lang='lat' dir='ltr'><strong>XX</strong></span> <span class='ocrx_word' id='word_1_9' title='bbox 568 345 687 398; x_wconf 77' lang='lat' dir='ltr'><strong>celebres</strong></span> <span class='ocrx_word' id='word_1_10' title='bbox 698 344 809 397; x_wconf 86' lang='lat' dir='ltr'><strong>scholae</strong></span> <span class='ocrx_word' id='word_1_11' title='bbox 819 345 905 398; x_wconf 78' lang='lat' dir='ltr'><strong>faisse</strong></span> 
     </span>
     <span class='ocr_line' id='line_1_3' title="bbox 109 421 905 490; baseline -0.004 -15"><span class='ocrx_word' id='word_1_12' title='bbox 109 426 140 475; x_wconf 91' lang='lat' dir='ltr'><strong>in</strong></span> <span class='ocrx_word' id='word_1_13' title='bbox 148 423 222 474; x_wconf 84' lang='lat' dir='ltr'><strong>Urbe</strong></span> <span class='ocrx_word' id='word_1_14' title='bbox 231 421 395 473; x_wconf 83' lang='lat' dir='ltr'><strong>tradantur:</strong></span> <span class='ocrx_word' id='word_1_15' title='bbox 414 421 504 490; x_wconf 85' lang='lat' dir='ltr'><strong>pretia</strong></span> <span class='ocrx_word' id='word_1_16' title='bbox 513 433 578 472; x_wconf 85' lang='lat' dir='ltr'><strong>vero</strong></span> <span class='ocrx_word' id='word_1_17' title='bbox 589 421 831 488; x_wconf 87' lang='lat' dir='ltr'><strong>grammaticorum</strong></span> <span class='ocrx_word' id='word_1_18' title='bbox 845 428 905 472; x_wconf 88' lang='lat' dir='ltr'><strong>tau-</strong></span> 
     </span>
     <span class='ocr_line' id='line_1_4' title="bbox 110 495 905 568; baseline -0.005 -18"><span class='ocrx_word' id='word_1_19' title='bbox 110 506 153 568; x_wconf 87' lang='lat' dir='ltr'><strong>ta,</strong></span> <span class='ocrx_word' id='word_1_20' title='bbox 163 497 357 564; x_wconf 86' lang='lat' dir='ltr'><strong>mercedesqne</strong></span> <span class='ocrx_word' id='word_1_21' title='bbox 366 502 423 547; x_wconf 89' lang='lat' dir='ltr'><strong>tam</strong></span> <span class='ocrx_word' id='word_1_22' title='bbox 437 511 565 563; x_wconf 80' lang='lat' dir='ltr'><strong>magnae,</strong></span> <span class='ocrx_word' id='word_1_23' title='bbox 576 502 608 546; x_wconf 90' lang='lat' dir='ltr'><strong>ut</strong></span> <span class='ocrx_word' id='word_1_24' title='bbox 618 503 736 560; x_wconf 88' lang='lat' dir='ltr'><strong>constet,</strong></span> <span class='ocrx_word' id='word_1_25' title='bbox 747 495 905 546; x_wconf 76' lang='lat' dir='ltr'><strong>Larmene</strong></span> 
     </span>
     <span class='ocr_line' id='line_1_5' title="bbox 111 568 905 640; baseline -0.004 -15"><span class='ocrx_word' id='word_1_26' title='bbox 111 573 291 625; x_wconf 73' lang='lat' dir='ltr'><strong>Daennrnner</strong></span> <span class='ocrx_word' id='word_1_27' title='bbox 311 575 403 639; x_wconf 89' lang='lat' dir='ltr'><strong>(quem</strong></span> <span class='ocrx_word' id='word_1_28' title='bbox 418 570 538 622; x_wconf 80' lang='lat' dir='ltr'><strong>Leucerae</strong></span> <span class='ocrx_word' id='word_1_29' title='bbox 554 568 674 622; x_wconf 80' lang='lat' dir='ltr'><strong>Melissus</strong></span> <span class='ocrx_word' id='word_1_30' title='bbox 688 587 737 640; x_wconf 87' lang='lat' dir='ltr'><strong>per</strong></span> <span class='ocrx_word' id='word_1_31' title='bbox 752 570 905 622; x_wconf 85' lang='lat' dir='ltr'><strong>cavillatio-</strong></span> 
     </span>
     <span class='ocr_line' id='line_1_6' title="bbox 111 641 905 710; baseline -0.008 -8"><span class='ocrx_word' id='word_1_32' title='bbox 111 665 174 702; x_wconf 90' lang='lat' dir='ltr'><strong>nem</strong></span> <span class='ocrx_word' id='word_1_33' title='bbox 187 648 307 700; x_wconf 88' lang='lat' dir='ltr'><strong>nominis</strong></span> <span class='ocrx_word' id='word_1_34' title='bbox 321 641 412 700; x_wconf 74' lang='lat' dir='ltr'><strong>Haris</strong></span> <span class='ocrx_word' id='word_1_35' title='bbox 427 641 518 710; x_wconf 66' lang='grc' dir='ltr'><strong><em>ἄγημα</em></strong></span> <span class='ocrx_word' id='word_1_36' title='bbox 531 646 624 710; x_wconf 85' lang='lat' dir='ltr'><strong>dicit),</strong></span> <span class='ocrx_word' id='word_1_37' title='bbox 644 646 767 698; x_wconf 88' lang='lat' dir='ltr'><strong>ducentis</strong></span> <span class='ocrx_word' id='word_1_38' title='bbox 783 646 905 698; x_wconf 87' lang='lat' dir='ltr'><strong>millibus</strong></span> 
     </span>
     <span class='ocr_line' id='line_1_7' title="bbox 111 720 904 788; baseline -0.006 -12"><span class='ocrx_word' id='word_1_39' title='bbox 111 722 252 776; x_wconf 74' lang='lat' dir='ltr'><strong>nummum</strong></span> <span class='ocrx_word' id='word_1_40' title='bbox 262 722 296 785; x_wconf 73' lang='lat' dir='ltr'><strong>Q.</strong></span> <span class='ocrx_word' id='word_1_41' title='bbox 309 720 408 772; x_wconf 83' lang='lat' dir='ltr'><strong>Catulo</strong></span> <span class='ocrx_word' id='word_1_42' title='bbox 420 728 547 788; x_wconf 83' lang='lat' dir='ltr'><strong>empturo,</strong></span> <span class='ocrx_word' id='word_1_43' title='bbox 560 737 593 772; x_wconf 85' lang='lat' dir='ltr'><strong>ec</strong></span> <span class='ocrx_word' id='word_1_44' title='bbox 602 723 680 773; x_wconf 89' lang='lat' dir='ltr'><strong>brevi</strong></span> <span class='ocrx_word' id='word_1_45' title='bbox 689 722 884 772; x_wconf 85' lang='lat' dir='ltr'><strong>manumissum</strong></span> <span class='ocrx_word' id='word_1_46' title='bbox 897 737 904 783; x_wconf 86' lang='lat'>3</span> 
     </span>
     <span class='ocr_line' id='line_1_8' title="bbox 50 795 904 868; baseline -0.005 -18"><span class='ocrx_word' id='word_1_47' title='bbox 50 860 54 868; x_wconf 22' lang='grc' dir='ltr'>ι</span> <span class='ocrx_word' id='word_1_48' title='bbox 112 799 146 850; x_wconf 89' lang='lat' dir='ltr'><strong>L.</strong></span> <span class='ocrx_word' id='word_1_49' title='bbox 167 799 330 861; x_wconf 69' lang='lat' dir='ltr'><strong>Aruernus,</strong></span> <span class='ocrx_word' id='word_1_50' title='bbox 353 796 388 846; x_wconf 88' lang='lat' dir='ltr'><strong>ab</strong></span> <span class='ocrx_word' id='word_1_51' title='bbox 408 795 495 847; x_wconf 86' lang='lat' dir='ltr'><strong>Elicio</strong></span> <span class='ocrx_word' id='word_1_52' title='bbox 517 796 646 861; x_wconf 85' lang='lat' dir='ltr'><strong>Calvino,</strong></span> <span class='ocrx_word' id='word_1_53' title='bbox 668 798 759 864; x_wconf 86' lang='lat' dir='ltr'><strong>equite</strong></span> <span class='ocrx_word' id='word_1_54' title='bbox 778 797 904 861; x_wconf 72' lang='lat' dir='ltr'><strong>Romane</strong></span> 
     </span>
     <span class='ocr_line' id='line_1_9' title="bbox 112 871 905 943; baseline -0.006 -18"><span class='ocrx_word' id='word_1_55' title='bbox 112 874 278 943; x_wconf 79' lang='lat' dir='ltr'><strong>praedivite,</strong></span> <span class='ocrx_word' id='word_1_56' title='bbox 290 871 485 940; x_wconf 77' lang='lat' dir='ltr'><strong>quadringenis</strong></span> <span class='ocrx_word' id='word_1_57' title='bbox 501 872 598 922; x_wconf 78' lang='lat' dir='ltr'><strong>annuis</strong></span> <span class='ocrx_word' id='word_1_58' title='bbox 614 872 792 935; x_wconf 88' lang='lat' dir='ltr'><strong>conductum,</strong></span> <span class='ocrx_word' id='word_1_59' title='bbox 803 871 905 922; x_wconf 88' lang='lat' dir='ltr'><strong>multos</strong></span> 
     </span>
     <span class='ocr_line' id='line_1_10' title="bbox 113 947 906 1014; baseline -0.008 -12"><span class='ocrx_word' id='word_1_60' title='bbox 113 947 265 1002; x_wconf 74' lang='lat' dir='ltr'>edocuisse.</span> <span class='ocrx_word' id='word_1_61' title='bbox 304 947 375 998; x_wconf 87' lang='lat' dir='ltr'><strong>Nam</strong></span> <span class='ocrx_word' id='word_1_62' title='bbox 389 947 418 996; x_wconf 91' lang='lat' dir='ltr'><strong>in</strong></span> <span class='ocrx_word' id='word_1_63' title='bbox 432 947 590 1012; x_wconf 86' lang='lat' dir='ltr'><strong>provincias</strong></span> <span class='ocrx_word' id='word_1_64' title='bbox 601 962 710 1013; x_wconf 87' lang='lat' dir='ltr'><strong>quoque</strong></span> <span class='ocrx_word' id='word_1_65' title='bbox 725 947 906 1014; x_wconf 75' lang='lat' dir='ltr'><strong>grenrnratiea</strong></span> 
     </span>
     <span class='ocr_line' id='line_1_11' title="bbox 112 1020 906 1094; baseline -0.009 -17"><span class='ocrx_word' id='word_1_66' title='bbox 112 1029 315 1094; x_wconf 80' lang='lat' dir='ltr'><strong>penetraverat,</strong></span> <span class='ocrx_word' id='word_1_67' title='bbox 335 1037 368 1073; x_wconf 86' lang='lat' dir='ltr'><strong>ac</strong></span> <span class='ocrx_word' id='word_1_68' title='bbox 381 1021 507 1072; x_wconf 83' lang='lat' dir='ltr'><strong>nonnulli</strong></span> <span class='ocrx_word' id='word_1_69' title='bbox 526 1020 560 1071; x_wconf 90' lang='lat' dir='ltr'><strong>de</strong></span> <span class='ocrx_word' id='word_1_70' title='bbox 577 1021 730 1072; x_wconf 76' lang='lat' dir='ltr'><strong>notissimis</strong></span> <span class='ocrx_word' id='word_1_71' title='bbox 745 1021 906 1072; x_wconf 86' lang='lat' dir='ltr'><strong>doctoribus</strong></span> 
     </span>
     <span class='ocr_line' id='line_1_12' title="bbox 111 1094 907 1167; baseline -0.008 -15"><span class='ocrx_word' id='word_1_72' title='bbox 111 1113 226 1167; x_wconf 81' lang='lat' dir='ltr'>peregre</span> <span class='ocrx_word' id='word_1_73' title='bbox 241 1098 403 1160; x_wconf 87' lang='lat' dir='ltr'><strong>docuerunt,</strong></span> <span class='ocrx_word' id='word_1_74' title='bbox 418 1096 535 1148; x_wconf 83' lang='lat' dir='ltr'><strong>maxime</strong></span> <span class='ocrx_word' id='word_1_75' title='bbox 549 1096 578 1146; x_wconf 89' lang='lat' dir='ltr'><strong>in</strong></span> <span class='ocrx_word' id='word_1_76' title='bbox 594 1094 687 1146; x_wconf 84' lang='lat' dir='ltr'><strong>Gallia</strong></span> <span class='ocrx_word' id='word_1_77' title='bbox 701 1102 815 1163; x_wconf 82' lang='lat' dir='ltr'><strong>togata:</strong></span> <span class='ocrx_word' id='word_1_78' title='bbox 834 1097 907 1146; x_wconf 87' lang='lat' dir='ltr'><strong>inter</strong></span> 
     </span>
     <span class='ocr_line' id='line_1_13' title="bbox 113 1169 907 1244; baseline -0.008 -18"><span class='ocrx_word' id='word_1_79' title='bbox 113 1190 184 1244; x_wconf 89' lang='lat' dir='ltr'><strong>quos</strong></span> <span class='ocrx_word' id='word_1_80' title='bbox 200 1173 348 1224; x_wconf 78' lang='lat' dir='ltr'><strong>ansvrus</strong></span> <span class='ocrx_word' id='word_1_81' title='bbox 359 1173 493 1234; x_wconf 78' lang='lat' dir='ltr'><strong>Tenens,</strong></span> <span class='ocrx_word' id='word_1_82' title='bbox 509 1175 538 1220; x_wconf 89' lang='lat' dir='ltr'><strong>et</strong></span> <span class='ocrx_word' id='word_1_83' title='bbox 552 1169 712 1222; x_wconf 81' lang='lat' dir='ltr'><strong>Sescenrus</strong></span> <span class='ocrx_word' id='word_1_84' title='bbox 727 1171 866 1234; x_wconf 74' lang='lat' dir='ltr'><strong>lecerius,</strong></span> <span class='ocrx_word' id='word_1_85' title='bbox 879 1177 907 1220; x_wconf 93' lang='lat' dir='ltr'><strong>et</strong></span> 
     </span>
     <span class='ocr_line' id='line_1_14' title="bbox 114 1244 905 1312; baseline -0.008 -12"><span class='ocrx_word' id='word_1_86' title='bbox 114 1250 222 1300; x_wconf 79' lang='lat' dir='ltr'><strong>Oenius</strong></span> <span class='ocrx_word' id='word_1_87' title='bbox 239 1249 374 1308; x_wconf 79' lang='lat' dir='ltr'><strong>Cnsnns3</strong></span> <span class='ocrx_word' id='word_1_88' title='bbox 397 1244 443 1297; x_wconf 88' lang='lat' dir='ltr'><strong>hie</strong></span> <span class='ocrx_word' id='word_1_89' title='bbox 458 1244 567 1312; x_wconf 87' lang='lat' dir='ltr'><strong>quidem</strong></span> <span class='ocrx_word' id='word_1_90' title='bbox 587 1246 622 1296; x_wconf 87' lang='lat' dir='ltr'><strong>od</strong></span> <span class='ocrx_word' id='word_1_91' title='bbox 639 1246 764 1298; x_wconf 82' lang='lat' dir='ltr'><strong>ultimam</strong></span> <span class='ocrx_word' id='word_1_92' title='bbox 779 1251 905 1308; x_wconf 86' lang='lat' dir='ltr'><strong>aetatem,</strong></span> 
     </span>
     <span class='ocr_line' id='line_1_15' title="bbox 113 1320 908 1393; baseline -0.008 -17"><span class='ocrx_word' id='word_1_93' title='bbox 113 1331 141 1376; x_wconf 88' lang='lat' dir='ltr'><strong>et</strong></span> <span class='ocrx_word' id='word_1_94' title='bbox 155 1339 238 1393; x_wconf 87' lang='lat' dir='ltr'><strong>quum</strong></span> <span class='ocrx_word' id='word_1_95' title='bbox 252 1325 308 1374; x_wconf 87' lang='lat' dir='ltr'><strong>iam</strong></span> <span class='ocrx_word' id='word_1_96' title='bbox 323 1337 379 1372; x_wconf 90' lang='lat' dir='ltr'><strong>non</strong></span> <span class='ocrx_word' id='word_1_97' title='bbox 392 1322 519 1388; x_wconf 84' lang='lat' dir='ltr'><strong>ingressu</strong></span> <span class='ocrx_word' id='word_1_98' title='bbox 532 1320 616 1372; x_wconf 89' lang='lat' dir='ltr'><strong>modo</strong></span> <span class='ocrx_word' id='word_1_99' title='bbox 632 1321 805 1386; x_wconf 84' lang='lat' dir='ltr'><strong>deficeretur,</strong></span> <span class='ocrx_word' id='word_1_100' title='bbox 817 1320 865 1372; x_wconf 85' lang='lat' dir='ltr'><strong>sed</strong></span> <span class='ocrx_word' id='word_1_101' title='bbox 880 1325 908 1370; x_wconf 85' lang='lat' dir='ltr'><strong>et</strong></span> 
     </span>
     <span class='ocr_line' id='line_1_16' title="bbox 111 1416 182 1451; baseline -0.014 0"><span class='ocrx_word' id='word_1_102' title='bbox 111 1416 182 1451; x_wconf 80' lang='lat' dir='ltr'><strong>visu.</strong></span> 
     </span>
     <span class='ocr_line' id='line_1_17' title="bbox 168 1469 905 1541; baseline -0.005 -16"><span class='ocrx_word' id='word_1_103' title='bbox 168 1472 215 1525; x_wconf 87' lang='lat' dir='ltr'><strong>IV.</strong></span> <span class='ocrx_word' id='word_1_104' title='bbox 235 1471 391 1540; x_wconf 77' lang='lat' dir='ltr'><strong>Appellatio</strong></span> <span class='ocrx_word' id='word_1_105' title='bbox 408 1469 645 1541; x_wconf 81' lang='lat' dir='ltr'><strong>grammaticorum</strong></span> <span class='ocrx_word' id='word_1_106' title='bbox 666 1469 773 1522; x_wconf 80' lang='lat' dir='ltr'><strong>Graeca</strong></span> <span class='ocrx_word' id='word_1_107' title='bbox 793 1487 905 1523; x_wconf 90' lang='lat' dir='ltr'><strong>eonsue-</strong></span> 
     </span>
     <span class='ocr_line' id='line_1_18' title="bbox 112 1545 907 1610; baseline -0.008 -9"><span class='ocrx_word' id='word_1_108' title='bbox 112 1550 208 1602; x_wconf 89' lang='lat' dir='ltr'><strong>tudine</strong></span> <span class='ocrx_word' id='word_1_109' title='bbox 218 1547 347 1610; x_wconf 82' lang='lat' dir='ltr'><strong>invaluit3</strong></span> <span class='ocrx_word' id='word_1_110' title='bbox 359 1547 405 1598; x_wconf 87' lang='lat' dir='ltr'><strong>sed</strong></span> <span class='ocrx_word' id='word_1_111' title='bbox 415 1547 497 1598; x_wconf 90' lang='lat' dir='ltr'><strong>initio</strong></span> <span class='ocrx_word' id='word_1_112' title='bbox 508 1545 622 1598; x_wconf 87' lang='lat' dir='ltr'><strong>litterati</strong></span> <span class='ocrx_word' id='word_1_113' title='bbox 629 1547 809 1598; x_wconf 84' lang='lat' dir='ltr'><strong>vocabantur.</strong></span> <span class='ocrx_word' id='word_1_114' title='bbox 840 1547 907 1597; x_wconf 83' lang='lat' dir='ltr'><strong>Cor-</strong></span> 
     </span>
     <span class='ocr_line' id='line_1_19' title="bbox 9 1617 906 1692; baseline -0.009 -13"><span class='ocrx_word' id='word_1_115' title='bbox 9 1617 10 1630; x_wconf 47' lang='lat'><em>*</em></span> <span class='ocrx_word' id='word_1_116' title='bbox 111 1625 202 1678; x_wconf 89' lang='lat' dir='ltr'><strong>nelius</strong></span> <span class='ocrx_word' id='word_1_117' title='bbox 219 1638 328 1692; x_wconf 85' lang='lat' dir='ltr'><strong>quoque</strong></span> <span class='ocrx_word' id='word_1_118' title='bbox 341 1621 434 1689; x_wconf 80' lang='lat' dir='ltr'><strong>Nepos</strong></span> <span class='ocrx_word' id='word_1_119' title='bbox 449 1621 557 1686; x_wconf 89' lang='lat' dir='ltr'><strong>libello,</strong></span> <span class='ocrx_word' id='word_1_120' title='bbox 574 1637 628 1690; x_wconf 84' lang='lat' dir='ltr'><strong>quo</strong></span> <span class='ocrx_word' id='word_1_121' title='bbox 645 1621 790 1690; x_wconf 76' lang='lat' dir='ltr'><strong>distinguit</strong></span> <span class='ocrx_word' id='word_1_122' title='bbox 802 1621 906 1672; x_wconf 87' lang='lat' dir='ltr'><strong>littera-</strong></span> 
     </span>
     <span class='ocr_line' id='line_1_20' title="bbox 110 1696 908 1766; baseline -0.008 -14"><span class='ocrx_word' id='word_1_123' title='bbox 110 1708 171 1752; x_wconf 87' lang='lat' dir='ltr'><strong>tum</strong></span> <span class='ocrx_word' id='word_1_124' title='bbox 186 1698 221 1750; x_wconf 91' lang='lat' dir='ltr'><strong>ab</strong></span> <span class='ocrx_word' id='word_1_125' title='bbox 238 1698 360 1761; x_wconf 76' lang='lat' dir='ltr'><strong>erudito,</strong></span> <span class='ocrx_word' id='word_1_126' title='bbox 373 1696 505 1749; x_wconf 80' lang='lat' dir='ltr'><strong>litterator</strong></span> <span class='ocrx_word' id='word_1_127' title='bbox 519 1697 622 1764; x_wconf 72' lang='lat' dir='ltr'><strong>eatam</strong></span> <span class='ocrx_word' id='word_1_128' title='bbox 635 1699 712 1766; x_wconf 76' lang='lat' dir='ltr'><strong>uulgo</strong></span> <span class='ocrx_word' id='word_1_129' title='bbox 727 1696 853 1765; x_wconf 81' lang='lat' dir='ltr'><strong>appellari</strong></span> <span class='ocrx_word' id='word_1_130' title='bbox 868 1697 908 1746; x_wconf 88' lang='lat' dir='ltr'><strong>ait</strong></span> 
     </span>
     <span class='ocr_line' id='line_1_21' title="bbox 9 1770 906 1842; baseline -0.009 -14"><span class='ocrx_word' id='word_1_131' title='bbox 9 1829 10 1840; x_wconf 20' lang='lat'>¹</span> <span class='ocrx_word' id='word_1_132' title='bbox 112 1791 169 1836; x_wconf 78' lang='lat' dir='ltr'><strong>eos,</strong></span> <span class='ocrx_word' id='word_1_133' title='bbox 187 1772 234 1841; x_wconf 81' lang='lat' dir='ltr'><strong>qai</strong></span> <span class='ocrx_word' id='word_1_134' title='bbox 247 1772 387 1842; x_wconf 80' lang='lat' dir='ltr'><strong>diligenter</strong></span> <span class='ocrx_word' id='word_1_135' title='bbox 401 1780 428 1822; x_wconf 91' lang='lat' dir='ltr'><strong>et</strong></span> <span class='ocrx_word' id='word_1_136' title='bbox 440 1779 516 1823; x_wconf 85' lang='lat' dir='ltr'><strong>acute</strong></span> <span class='ocrx_word' id='word_1_137' title='bbox 526 1771 687 1839; x_wconf 78' lang='lat' dir='ltr'><strong>scienterque</strong></span> <span class='ocrx_word' id='word_1_138' title='bbox 697 1773 859 1840; x_wconf 77' lang='lat' dir='ltr'><strong>pessimant</strong></span> <span class='ocrx_word' id='word_1_139' title='bbox 868 1770 906 1821; x_wconf 78' lang='lat' dir='ltr'><strong>eli-</strong></span> 
     </span>
     <span class='ocr_line' id='line_1_22' title="bbox 114 1846 907 1913; baseline -0.009 -9"><span class='ocrx_word' id='word_1_140' title='bbox 114 1867 173 1904; x_wconf 82' lang='lat' dir='ltr'><strong>cere</strong></span> <span class='ocrx_word' id='word_1_141' title='bbox 184 1857 234 1900; x_wconf 87' lang='lat' dir='ltr'><strong>aut</strong></span> <span class='ocrx_word' id='word_1_142' title='bbox 241 1846 354 1900; x_wconf 79' lang='lat' dir='ltr'><strong>seribere</strong></span> <span class='ocrx_word' id='word_1_143' title='bbox 364 1866 373 1898; x_wconf 72' lang='lat'><strong>.-</strong></span> <span class='ocrx_word' id='word_1_144' title='bbox 388 1855 502 1898; x_wconf 85' lang='lat' dir='ltr'><strong>ceteram</strong></span> <span class='ocrx_word' id='word_1_145' title='bbox 507 1846 616 1913; x_wconf 80' lang='lat' dir='ltr'><strong>proprie</strong></span> <span class='ocrx_word' id='word_1_146' title='bbox 626 1847 664 1898; x_wconf 81' lang='lat' dir='ltr'><strong>ric</strong></span> <span class='ocrx_word' id='word_1_147' title='bbox 674 1848 838 1913; x_wconf 79' lang='lat' dir='ltr'><strong>appellandos</strong></span> <span class='ocrx_word' id='word_1_148' title='bbox 843 1862 907 1913; x_wconf 85' lang='lat' dir='ltr'><strong>pee-</strong></span> 
     </span>
     <span class='ocr_line' id='line_1_23' title="bbox 113 1919 1012 1990; baseline -0.009 -13"><span class='ocrx_word' id='word_1_149' title='bbox 113 1935 203 1978; x_wconf 87' lang='lat' dir='ltr'><strong>tarum</strong></span> <span class='ocrx_word' id='word_1_150' title='bbox 212 1923 375 1990; x_wconf 81' lang='lat' dir='ltr'><strong>interpretes,</strong></span> <span class='ocrx_word' id='word_1_151' title='bbox 387 1920 433 1988; x_wconf 86' lang='lat' dir='ltr'><strong>qui</strong></span> <span class='ocrx_word' id='word_1_152' title='bbox 442 1937 459 1972; x_wconf 95' lang='lat' dir='ltr'><strong>a</strong></span> <span class='ocrx_word' id='word_1_153' title='bbox 470 1919 579 1972; x_wconf 78' lang='lat' dir='ltr'><strong>Graecis</strong></span> <span class='ocrx_word' id='word_1_154' title='bbox 589 1920 765 1986; x_wconf 74' lang='lat' dir='ltr'><strong>ypaauwuuel</strong></span> <span class='ocrx_word' id='word_1_155' title='bbox 774 1921 907 1972; x_wconf 78' lang='lat' dir='ltr'><strong>earnium·</strong></span> <span class='ocrx_word' id='word_1_156' title='bbox 917 1939 948 1960; x_wconf 57' lang='grc' dir='ltr'><strong><em>ψ</em></strong></span> <span class='ocrx_word' id='word_1_157' title='bbox 1011 1921 1012 1928; x_wconf 78' lang='grc'>’</span> 
     </span>
     <span class='ocr_line' id='line_1_24' title="bbox 113 1995 907 2059; baseline -0.009 -7"><span class='ocrx_word' id='word_1_158' title='bbox 113 2011 167 2052; x_wconf 85' lang='lat' dir='ltr'><strong>tur.</strong></span> <span class='ocrx_word' id='word_1_159' title='bbox 207 1997 326 2050; x_wconf 86' lang='lat' dir='ltr'><strong>Eosdem</strong></span> <span class='ocrx_word' id='word_1_160' title='bbox 337 1997 495 2049; x_wconf 80' lang='lat' dir='ltr'><strong>litteratores</strong></span> <span class='ocrx_word' id='word_1_161' title='bbox 504 1996 655 2059; x_wconf 86' lang='lat' dir='ltr'><strong>vocitatos,</strong></span> <span class='ocrx_word' id='word_1_162' title='bbox 670 1995 803 2048; x_wconf 82' lang='lat' dir='ltr'><strong>Messalla</strong></span> <span class='ocrx_word' id='word_1_163' title='bbox 814 1996 907 2046; x_wconf 77' lang='lat' dir='ltr'><strong>Cer&#39;vi-</strong></span> 
     </span>
     <span class='ocr_line' id='line_1_25' title="bbox 112 2069 907 2141; baseline -0.01 -13"><span class='ocrx_word' id='word_1_164' title='bbox 112 2091 165 2128; x_wconf 86' lang='lat' dir='ltr'><strong>nus</strong></span> <span class='ocrx_word' id='word_1_165' title='bbox 175 2074 204 2125; x_wconf 90' lang='lat' dir='ltr'><strong>in</strong></span> <span class='ocrx_word' id='word_1_166' title='bbox 216 2073 334 2141; x_wconf 86' lang='lat' dir='ltr'><strong>quadam</strong></span> <span class='ocrx_word' id='word_1_167' title='bbox 344 2072 463 2141; x_wconf 85' lang='lat' dir='ltr'><strong>epistola</strong></span> <span class='ocrx_word' id='word_1_168' title='bbox 474 2070 601 2133; x_wconf 85' lang='lat' dir='ltr'><strong>ostendit,</strong></span> <span class='ocrx_word' id='word_1_169' title='bbox 613 2087 664 2120; x_wconf 88' lang='lat' dir='ltr'><strong>aea</strong></span> <span class='ocrx_word' id='word_1_170' title='bbox 675 2086 727 2122; x_wconf 81' lang='lat' dir='ltr'><strong>eree</strong></span> <span class='ocrx_word' id='word_1_171' title='bbox 736 2069 794 2134; x_wconf 81' lang='lat' dir='ltr'><strong>ribi,</strong></span> <span class='ocrx_word' id='word_1_172' title='bbox 806 2071 907 2134; x_wconf 86' lang='lat' dir='ltr'><strong>dicens,</strong></span> 
     </span>
     <span class='ocr_line' id='line_1_26' title="bbox 112 2140 910 2214; baseline -0.008 -12"><span class='ocrx_word' id='word_1_173' title='bbox 112 2167 169 2202; x_wconf 86' lang='lat' dir='ltr'><strong>reru</strong></span> <span class='ocrx_word' id='word_1_174' title='bbox 179 2165 239 2202; x_wconf 83' lang='lat' dir='ltr'><strong>eura</strong></span> <span class='ocrx_word' id='word_1_175' title='bbox 248 2146 332 2199; x_wconf 77' lang='lat' dir='ltr'><strong>nera</strong></span> <span class='ocrx_word' id='word_1_176' title='bbox 342 2146 482 2209; x_wconf 77' lang='lat' dir='ltr'><strong>Bibaculo,</strong></span> <span class='ocrx_word' id='word_1_177' title='bbox 499 2161 546 2198; x_wconf 84' lang='lat' dir='ltr'><strong>aee</strong></span> <span class='ocrx_word' id='word_1_178' title='bbox 556 2161 615 2198; x_wconf 87' lang='lat' dir='ltr'><strong>cum</strong></span> <span class='ocrx_word' id='word_1_179' title='bbox 625 2144 719 2214; x_wconf 66' lang='lat' dir='ltr'><strong>sigilla</strong></span> <span class='ocrx_word' id='word_1_180' title='bbox 729 2140 844 2212; x_wconf 77' lang='lat' dir='ltr'><strong>quidem,</strong></span> <span class='ocrx_word' id='word_1_181' title='bbox 860 2153 910 2196; x_wconf 89' lang='lat' dir='ltr'><strong>aut</strong></span> 
     </span>
     <span class='ocr_line' id='line_1_27' title="bbox 113 2219 907 2290; baseline -0.01 -13"><span class='ocrx_word' id='word_1_182' title='bbox 113 2227 264 2278; x_wconf 80' lang='lat' dir='ltr'><strong>litteratore</strong></span> <span class='ocrx_word' id='word_1_183' title='bbox 276 2222 374 2274; x_wconf 80' lang='lat' dir='ltr'><strong>Oatea&#39;e</strong></span> <span class='ocrx_word' id='word_1_184' title='bbox 385 2241 394 2273; x_wconf 91' lang='lat'><em>:</em></span> <span class='ocrx_word' id='word_1_185' title='bbox 404 2223 543 2290; x_wconf 83' lang='lat' dir='ltr'><strong>signifieat</strong></span> <span class='ocrx_word' id='word_1_186' title='bbox 552 2221 623 2272; x_wconf 87' lang='lat' dir='ltr'><strong>enim</strong></span> <span class='ocrx_word' id='word_1_187' title='bbox 634 2219 707 2272; x_wconf 85' lang='lat' dir='ltr'><strong>haud</strong></span> <span class='ocrx_word' id='word_1_188' title='bbox 718 2221 800 2272; x_wconf 89' lang='lat' dir='ltr'><strong>dubie</strong></span> <span class='ocrx_word' id='word_1_189' title='bbox 811 2220 907 2271; x_wconf 75' lang='lat' dir='ltr'><strong>Vaes-</strong></span> 
     </span>
     <span class='ocr_line' id='line_1_28' title="bbox 113 2297 971 2366; baseline -0.007 -14"><span class='ocrx_word' id='word_1_190' title='bbox 113 2315 185 2352; x_wconf 81' lang='lat' dir='ltr'><strong>erun</strong></span> <span class='ocrx_word' id='word_1_191' title='bbox 197 2300 351 2362; x_wconf 65' lang='lat' dir='ltr'><strong>Coronen,</strong></span> <span class='ocrx_word' id='word_1_192' title='bbox 363 2305 473 2366; x_wconf 88' lang='lat' dir='ltr'><strong>poetam</strong></span> <span class='ocrx_word' id='word_1_193' title='bbox 489 2297 571 2348; x_wconf 89' lang='lat' dir='ltr'><strong>simul</strong></span> <span class='ocrx_word' id='word_1_194' title='bbox 585 2297 844 2364; x_wconf 80' lang='lat' dir='ltr'><strong>grammaticamque</strong></span> <span class='ocrx_word' id='word_1_195' title='bbox 859 2311 907 2347; x_wconf 90' lang='lat' dir='ltr'><strong>no·</strong></span> <span class='ocrx_word' id='word_1_196' title='bbox 969 2352 971 2356; x_wconf 22' lang='lat'><strong><em>¹</em></strong></span> 
     </span>
     <span class='ocr_line' id='line_1_29' title="bbox 111 2368 907 2440; baseline -0.009 -12"><span class='ocrx_word' id='word_1_197' title='bbox 111 2376 259 2428; x_wconf 87' lang='lat' dir='ltr'><strong>tissimum.</strong></span> <span class='ocrx_word' id='word_1_198' title='bbox 267 2372 388 2440; x_wconf 83' lang='lat' dir='ltr'><strong>Suntqui</strong></span> <span class='ocrx_word' id='word_1_199' title='bbox 394 2371 723 2424; x_wconf 86' lang='lat' dir='ltr'><strong>litteratumelitteratore</strong></span> <span class='ocrx_word' id='word_1_200' title='bbox 729 2368 907 2437; x_wconf 81' lang='lat' dir='ltr'><strong>distinguant,</strong></span> 
     </span>
     <span class='ocr_line' id='line_1_30' title="bbox 9 2446 908 2516; baseline -0.007 -14"><span class='ocrx_word' id='word_1_201' title='bbox 9 2493 10 2496; x_wconf 66' lang='lat'>,</span> <span class='ocrx_word' id='word_1_202' title='bbox 112 2458 146 2502; x_wconf 87' lang='lat' dir='ltr'><strong>nt</strong></span> <span class='ocrx_word' id='word_1_203' title='bbox 155 2449 255 2501; x_wconf 84' lang='lat' dir='ltr'><strong>Graeci</strong></span> <span class='ocrx_word' id='word_1_204' title='bbox 264 2447 472 2516; x_wconf 82' lang='lat' dir='ltr'><strong>grammaticum</strong></span> <span class='ocrx_word' id='word_1_205' title='bbox 484 2463 500 2498; x_wconf 89' lang='lat' dir='ltr'><strong>a</strong></span> <span class='ocrx_word' id='word_1_206' title='bbox 510 2448 713 2514; x_wconf 82' lang='lat' dir='ltr'><strong>grammatisto;</strong></span> <span class='ocrx_word' id='word_1_207' title='bbox 724 2453 752 2498; x_wconf 86' lang='lat' dir='ltr'><strong>et</strong></span> <span class='ocrx_word' id='word_1_208' title='bbox 760 2446 837 2496; x_wconf 91' lang='lat' dir='ltr'><strong>illam</strong></span> <span class='ocrx_word' id='word_1_209' title='bbox 849 2447 908 2515; x_wconf 90' lang='lat' dir='ltr'><strong>qui-</strong></span> 
     </span>
     <span class='ocr_line' id='line_1_31' title="bbox 115 2521 908 2589; baseline -0.008 -11"><span class='ocrx_word' id='word_1_210' title='bbox 115 2527 177 2578; x_wconf 88' lang='lat' dir='ltr'><strong>dem</strong></span> <span class='ocrx_word' id='word_1_211' title='bbox 194 2524 332 2589; x_wconf 87' lang='lat' dir='ltr'><strong>absolute,</strong></span> <span class='ocrx_word' id='word_1_212' title='bbox 342 2521 415 2575; x_wconf 85' lang='lat' dir='ltr'><strong>hunc</strong></span> <span class='ocrx_word' id='word_1_213' title='bbox 429 2522 604 2574; x_wconf 85' lang='lat' dir='ltr'><strong>mediocriter</strong></span> <span class='ocrx_word' id='word_1_214' title='bbox 618 2522 729 2573; x_wconf 87' lang='lat' dir='ltr'><strong>doctum</strong></span> <span class='ocrx_word' id='word_1_215' title='bbox 744 2521 908 2588; x_wconf 83' lang='lat' dir='ltr'><strong>existiment,</strong></span> 
     </span>
     <span class='ocr_line' id='line_1_32' title="bbox 115 2594 908 2671; baseline -0.005 -19"><span class='ocrx_word' id='word_1_216' title='bbox 115 2616 233 2671; x_wconf 86' lang='lat' dir='ltr'><strong>quorum</strong></span> <span class='ocrx_word' id='word_1_217' title='bbox 253 2600 410 2667; x_wconf 87' lang='lat' dir='ltr'><strong>opinionem</strong></span> <span class='ocrx_word' id='word_1_218' title='bbox 427 2594 542 2649; x_wconf 78' lang='lat' dir='ltr'><strong>Orbilius</strong></span> <span class='ocrx_word' id='word_1_219' title='bbox 562 2598 644 2648; x_wconf 83' lang='lat' dir='ltr'><strong>etiam</strong></span> <span class='ocrx_word' id='word_1_220' title='bbox 665 2597 795 2663; x_wconf 84' lang='lat' dir='ltr'><strong>exemplis</strong></span> <span class='ocrx_word' id='word_1_221' title='bbox 810 2598 908 2648; x_wconf 82' lang='lat' dir='ltr'><strong>contir-</strong></span> 
     </span>
     <span class='ocr_line' id='line_1_33' title="bbox 113 2670 907 2742; baseline -0.005 -14"><span class='ocrx_word' id='word_1_222' title='bbox 113 2683 181 2728; x_wconf 82' lang='lat' dir='ltr'><strong>mat.</strong></span> <span class='ocrx_word' id='word_1_223' title='bbox 219 2674 344 2742; x_wconf 82' lang='lat' dir='ltr'><strong>Namque</strong></span> <span class='ocrx_word' id='word_1_224' title='bbox 358 2673 429 2742; x_wconf 79' lang='lat' dir='ltr'><strong>aperi</strong></span> <span class='ocrx_word' id='word_1_225' title='bbox 441 2671 564 2734; x_wconf 84' lang='lat' dir='ltr'><strong>maiorer,</strong></span> <span class='ocrx_word' id='word_1_226' title='bbox 581 2673 631 2735; x_wconf 84' lang='lat' dir='ltr'><strong>ait,</strong></span> <span class='ocrx_word' id='word_1_227' title='bbox 648 2687 726 2738; x_wconf 88' lang='lat' dir='ltr'><strong>quum</strong></span> <span class='ocrx_word' id='word_1_228' title='bbox 734 2670 845 2742; x_wconf 80' lang='lat' dir='ltr'><strong>familie</strong></span> <span class='ocrx_word' id='word_1_229' title='bbox 859 2673 907 2724; x_wconf 86' lang='lat' dir='ltr'><strong>eli-</strong></span> 
     </span>
     <span class='ocr_line' id='line_1_34' title="bbox 114 2746 909 2822; baseline -0.008 -16"><span class='ocrx_word' id='word_1_230' title='bbox 114 2750 189 2806; x_wconf 81' lang='lat' dir='ltr'><strong>cuiue</strong></span> <span class='ocrx_word' id='word_1_231' title='bbox 199 2750 296 2802; x_wconf 83' lang='lat' dir='ltr'><strong>eeealir</strong></span> <span class='ocrx_word' id='word_1_232' title='bbox 303 2749 499 2822; x_wconf 81' lang='lat' dir='ltr'><strong>produceretur,</strong></span> <span class='ocrx_word' id='word_1_233' title='bbox 510 2763 562 2803; x_wconf 83' lang='lat' dir='ltr'><strong>rou</strong></span> <span class='ocrx_word' id='word_1_234' title='bbox 573 2755 667 2800; x_wconf 79' lang='lat' dir='ltr'><strong>terrere</strong></span> <span class='ocrx_word' id='word_1_235' title='bbox 678 2763 752 2818; x_wconf 83' lang='lat' dir='ltr'><strong>quem</strong></span> <span class='ocrx_word' id='word_1_236' title='bbox 762 2746 909 2802; x_wconf 82' lang='lat' dir='ltr'><strong>litteratam</strong></span> 
     </span>
    </p>
   </div>
   <div class='ocr_carea' id='block_1_3' title="bbox 0 0 1031 3028">
    <p class='ocr_par' dir='ltr' id='par_1_3' title="bbox 0 0 1031 3028">
     <span class='ocr_line' id='line_1_35' title="bbox 0 0 1031 3028; baseline 0 0"><span class='ocrx_word' id='word_1_237' title='bbox 0 0 1031 3028; x_wconf 95' lang='lat' dir='ltr'><strong> </strong></span> 
     </span>
    </p>
   </div>
  </div>
 </body>
</html>
