2050 3034
263 255 522 308 octovianus.
558 259 635 308 GAl’.
655 257 770 308 ‘la—ts.
882 256 915 312 95

174 377 314 434 Lxxvfl.
333 383 400 435 Vini
414 401 523 454 queque
537 391 636 436 natura
654 386 832 452 parcissimus
847 393 915 448 erat,

114 455 182 509 Non
197 457 315 526 amplius
329 463 371 510 ter
385 460 479 512 hibere
494 476 556 512 eum
571 459 685 521 solitum
700 477 783 529 super
803 477 915 518 coenam

112 533 145 582 in
167 533 266 583 castris
286 533 359 601 apud
377 534 526 599 Mutinam,
548 535 692 588 Cornelius
707 535 801 604 Nepos
820 537 915 596 uadit.

114 605 230 671 Postea,
241 608 351 676 quoties
362 607 516 677 largissime
526 626 555 662 se
566 611 704 674 invitaret,
714 626 796 672 senos
807 618 915 672 sextan-

114 687 159 733 tes
169 697 225 733 non
236 684 365 746 excessit,
382 691 442 748 aut,
457 685 482 736 si
491 687 667 750 excessisset,
687 687 840 738 reiiciebat.
880 687 916 738 Et

117 757 239 822 maxirpe
253 758 404 810 delectatus
414 765 457 810 cst
466 759 591 813 Raetico.
613 761 709 830 Neque
719 767 821 814 temere
831 763 914 815 inter·

115 831 250 883 diubibit.
261 831 436 902 Propotione
441 837 566 886 sumebat
576 835 716 904 perfusum
727 852 801 906 aqua
810 836 915 904 frigida

114 922 228 974 panem,
249 913 298 958 aut
308 911 459 961 cucumeris
469 909 599 974 inustum,
614 911 659 962 vel
672 912 827 964 lactuculae
836 911 913 979 thyr-

117 997 187 1046 sum,
199 988 248 1032 aut
257 998 352 1035 recens
363 984 505 1036 acidumve
516 1001 627 1053 pontum
638 987 715 1036 succi
724 987 884 1038 vitiosioris.

172 1056 325 1108 LXXVlll.
345 1057 414 1110 Post
425 1060 515 1110 cibum
530 1059 726 1124 meridianum,
741 1061 823 1112 itaut
832 1063 913 1112 vesti-

114 1139 160 1182 tus
172 1131 363 1202 calceatusque
374 1141 445 1197 erat,
466 1133 548 1189 rectis
562 1133 678 1202 pedibus
688 1134 840 1204 paullisper
850 1151 913 1195 con-

116 1207 289 1276 quiescebat,
312 1211 441 1276 opposita
456 1209 492 1259 ad
507 1209 603 1262 oculos
617 1225 709 1260 manu.
749 1211 870 1270 Acoeua
884 1211 914 1262 in

114 1282 274 1334 lecticulam
284 1298 313 1334 se
324 1283 540 1334 lucubratoriam
555 1284 716 1353 recipiebat.
756 1285 809 1348 lbi,
826 1284 914 1336 donec

113 1357 227 1408 residua
238 1357 331 1408 diurni
340 1363 427 1422 actus,
434 1365 482 1410 aut
492 1360 585 1410 omnia
597 1365 645 1410 aut
654 1375 688 1412 ex
698 1361 912 1428 maximaparte,

114 1433 274 1495 conficeret,
297 1433 332 1482 ad
347 1433 461 1486 multam
475 1441 584 1486 uectem
602 1435 789 1502 permanebat.
828 1435 859 1488 ln
873 1436 911 1487 le·

114 1513 189 1558 mum
202 1507 267 1561 inde
286 1513 486 1575 transgressus,
507 1525 563 1561 non
584 1509 702 1577 amplius
723 1527 805 1578 quum
825 1511 910 1577 pluri-

112 1597 198 1646 mum,
210 1597 293 1650 quam
304 1589 406 1651 septem
417 1582 510 1648 horas,
522 1585 690 1646 dormiebat3
706 1599 740 1636 ac
749 1601 782 1635 ne
794 1599 841 1636 eas
852 1587 911 1652 qui·

113 1657 177 1708 dem
188 1658 346 1721 continuas,
362 1659 410 1709 sed
423 1665 454 1712 ut
464 1660 494 1711 in
503 1659 553 1710 illo
564 1660 697 1727 temporis
708 1659 800 1727 spatio
811 1665 854 1710 ter
863 1665 913 1712 aut

113 1737 214 1800 quater
238 1733 482 1800 expergisceretur.
524 1733 555 1786 Si
578 1735 760 1803 interruptum
785 1749 910 1786 somnum

112 1822 290 1876 recuperare,
305 1809 449 1872 mevenit,
464 1824 520 1859 non
530 1815 638 1877 posset,
650 1809 800 1861 lectoribus
812 1816 860 1861 aut
870 1809 910 1858 ia-

111 1881 288 1933 bulatcribus
300 1883 441 1935 accersitis
451 1885 618 1947 resumebat,
634 1884 859 1951 producebatque
869 1883 910 1934 ul-

110 1963 158 2008 tra
172 1958 288 2025 primam
304 1973 385 2026 saepe
400 1958 497 2011 lucem.
535 1956 594 2008 Nec
607 1959 637 2008 in
651 1958 770 2008 tenebris
784 1957 912 2023 vigilavit

110 2046 244 2100 unquam,
254 2033 307 2082 nisi
320 2033 457 2084 assidente
469 2032 574 2100 aliquo.
613 2031 752 2082 Matutine
761 2031 859 2098 vigilia
870 2029 911 2082 oi-

112 2105 290 2169 lendebatur3
311 2123 344 2158 ac
358 2109 382 2160 si
396 2107 441 2159 vel
451 2105 590 2162 officiivel
599 2107 673 2158 sacri
683 2120 767 2158 carisa
776 2106 911 2166 maturius

112 2182 300 2248 evigilandum
312 2189 397 2246 esset,
416 2199 451 2234 ne
464 2183 494 2233 id
505 2189 602 2234 contra
613 2182 786 2234 commodum
797 2181 910 2247 faceret,

110 2257 140 2307 in
162 2258 289 2324 proximo
311 2259 495 2326 cuiuscunque
520 2259 734 2310 domesticorum
759 2258 909 2310 coenaculo

111 2332 251 2384 manebat.
292 2332 338 2384 Sic
349 2349 458 2400 quoque
468 2348 550 2401 saepe
560 2333 686 2400 indigens
697 2335 796 2397 somni,
807 2339 834 2384 et
845 2333 909 2382 dum

109 2406 248 2473 pervices
260 2407 463 2475 deportaretur,
484 2415 511 2458 et
527 2408 654 2476 deposita
668 2408 767 2459 lectica
776 2409 849 2458 inter
859 2406 909 2456 ali·

111 2496 181 2550 quas
192 2497 286 2534 moras
296 2483 513 2534 condormiebat.

166 2554 295 2608 LXXIX.
315 2557 419 2609 Forma
428 2555 482 2608 tuit
492 2557 607 2620 eximia,
629 2562 658 2606 et
669 2571 719 2622 per
730 2570 823 2606 omnes
835 2560 908 2604 aeta-

107 2631 146 2682 tis
156 2631 261 2698 gradus
270 2633 479 2693 venmtissima3
500 2645 657 2698 quanquam
668 2635 695 2679 et
706 2628 795 2679 omnis
806 2628 909 2679 lenoci-

106 2707 150 2758 nii
163 2707 319 2776 uegligens,
341 2712 368 2759 et
381 2708 411 2758 in
426 2705 516 2774 capite
532 2702 732 2756 comendo-tam
743 2701 909 2765 incuriosus,

106 2787 139 2836 ut
149 2783 254 2852 raptim
264 2781 452 2852 compluribus
468 2779 552 2832 simul
566 2777 727 2854 tonsoribus
738 2791 850 2846 operam
861 2777 909 2828 da=
