2026 3020
197 633 228 680 c.
259 629 495 682 sueres-11
525 604 827 687 ru'useumur

182 793 186 802 “
275 785 426 831 LIBER
461 781 734 832 SECUNDUS.

161 937 404 1001 CAESAR
447 932 854 1000 OCTAVIANUS

336 1051 672 1119 AUGUSTUS.

418 1233 595 1256 Τ-ἒ--Ἳ

166 1380 188 1431 1.
210 1353 342 1436 Gentem
359 1381 501 1432 Octaviam
516 1379 630 1431 Velitris
645 1381 821 1447 praecipuam
840 1379 907 1430 olim

111 1455 210 1519 fuisse,
227 1457 314 1506 multa
325 1457 475 1507 declarent.
513 1456 584 1506 Nam
596 1460 623 1507 et
637 1455 714 1506 vicus
731 1455 909 1506 celeberrima

112 1536 191 1597 perte
217 1531 313 1598 oppidi
336 1531 498 1597 iampridem
525 1531 655 1581 Octavius
679 1530 845 1590 vecabatur:
881 1534 909 1579 et

114 1605 310 1658 ostendebatur
321 1621 370 1656 era
381 1606 496 1656 Octavio
509 1611 682 1668 consecrata,
704 1605 750 1671 qui
765 1604 840 1655 belle
852 1604 908 1654 dux

113 1680 239 1744 finitimo,
252 1695 334 1747 quum
345 1679 508 1731 forteMarti
519 1695 575 1730 rem
586 1679 705 1729 divinem
717 1679 828 1743 taceret,
840 1695 908 1728 uuu-

113 1756 187 1804 eiete
197 1762 308 1820 repente
317 1752 405 1804 hostis
415 1755 581 1818 incursione,
589 1753 743 1804 semicruda
753 1759 817 1804 exta
827 1759 910 1819 repta

112 1828 177 1880 foce
189 1829 342 1895 prosecuit,
359 1835 440 1896 atque
455 1829 495 1879 its
506 1829 640 1895 proelium
650 1829 803 1894 ingressus,
819 1828 910 1879 victur

113 1904 204 1954 rediit.
244 1903 390 1955 Decretum
402 1905 485 1955 etiam
494 1905 633 1971 publicum
645 1904 784 1966 exstabat,
796 1918 851 1969 que
864 1917 908 1953 ce-

112 1980 241 2043 vebetur,
262 1980 331 2029 utin
342 1986 481 2045 posterum
494 1995 602 2045 queque
615 1977 715 2047 [anuo]
727 1977 813 2028 simili
823 1977 907 2027 modo

114 2059 178 2104 exte
197 2055 284 2104 Marti
302 2054 493 2116 redderentur,
514 2053 701 2119 reliquiaeque
721 2052 757 2102 ad
778 2052 910 2102 Octavios

113 2127 287 2178 referrentur.

170 2201 204 2250 ΙΙ.
224 2201 266 2250 Ee
282 2217 360 2268 gens,
383 2218 400 2251 a
410 2201 563 2268 'l'urquinio
580 2201 675 2253 Prisco
692 2217 754 2268 rege
768 2202 840 2252 iuter
854 2200 909 2251 Ro-

115 2289 210 2325 rusues
221 2282 315 2342 gentes
326 2275 425 2326 allecte
435 2277 464 2327 iu
479 2281 616 2340 senatum,
637 2292 701 2327 mcx
716 2292 733 2326 a
744 2276 801 2328 Ser.
813 2276 908 2326 Tullio

115 2351 143 2400 in
155 2351 287 2416 patricias
298 2350 471 2413 transducta,
493 2350 657 2417 procedente
672 2357 794 2418 tempore
805 2351 842 2400 ed
851 2351 909 2417 ple·

115 2425 176 2475 bem
193 2441 222 2475 se
237 2426 366 2487 contulit3
387 2441 420 2477 ac
434 2441 528 2477 rursus
543 2442 644 2494 magne
657 2426 802 2477 intervallo
813 2440 862 2492 per
872 2425 898 2476 Ι)

115 2499 214 2550 lulium
230 2501 258 2550 in
275 2501 449 2566 patriciatum
465 2501 555 2553 rediit.
595 2500 702 2551 Primus
718 2498 908 2565 exhecmegi·

117 2580 232 2625 stratum
248 2575 346 2642 populi
361 2574 494 2642 suffragio
512 2578 584 2643 cepit
599 2575 629 2627 C.
645 2574 741 2626 Rufus.
781 2575 806 2624 {s
826 2590 908 2641 quee-

118 2650 219 2700 storius
231 2651 279 2701 Cu.
296 2659 324 2701 et
335 2651 364 2700 G.
381 2651 548 2717 procreavit:
570 2668 586 2701 e
602 2651 701 2717 quibus
716 2649 815 2717 duplex
829 2649 909 2700 Oete

117 2723 224 2778 riorum
238 2724 347 2779 familia
361 2726 487 2794 defluxit,
509 2727 666 2780 conditione
681 2726 800 2778 diversa:
825 2725 911 2792 siqui·
1010 2781 1011 2796 χ
