2044 3028
271 207 526 259 DOMITIANUS.
565 209 644 258 CAP.
664 213 744 258 4-6.
856 159 920 262 327Ι

110 334 231 392 obsonio
252 337 418 402 distributis,
439 337 547 388 initium
567 336 694 388 vescendi
708 336 812 404 primus
825 335 905 388 fecitz

110 416 212 482 dieque
226 413 352 480 proximo
369 424 449 464 omne
462 428 547 480 genus
561 428 652 464 renim
662 413 779 463 missilia
790 413 905 478 sparsit3

109 496 137 540 et
149 489 216 556 quia
226 489 390 558 parsumaior
405 489 478 539 intra
492 487 639 557 popularia
655 487 806 551 deciderat,
829 487 905 554 quin·

111 579 252 633 qrrageuas
272 569 389 616 tesseras
408 564 438 614 in
458 565 582 632 singulos
603 579 703 616 cameos
725 562 858 632 equestris
873 578 906 613 ac

110 639 247 692 senatorii
258 639 363 690 ordinis
374 640 575 708 pronunciavit.
720 630 724 640 '

168 713 202 765 V.
213 713 336 765 Plurima
347 720 374 765 et
385 714 554 782 amplissima
565 729 649 781 opera
658 714 785 766 incendio
798 714 905 764 absum-

110 797 160 858 pta
169 789 301 854 restituit,
322 791 352 840 in
363 793 423 856 quis
434 794 461 840 et
473 791 652 857 Capitolium,
674 791 748 859 quod
758 805 852 840 rursus
864 805 906 840 ar-

112 872 201 927 serat3
221 865 269 916 sed
281 866 374 916 omnia
385 865 434 914 sub
445 863 526 915 titulo
538 870 643 915 tantum
654 880 717 929 suo,
738 881 770 916 ac
780 866 838 916 sine
848 865 907 915 ulla

110 940 225 1011 pristini
235 941 356 991 auctoris
367 941 509 990 memoria.
548 939 655 990 Novam
672 945 761 991 autem
776 941 907 991 excitavit

112 1016 209 1068 aedem
219 1013 590 1083 inCapitolioCustodilovi,
602 1021 629 1066 et
637 1014 738 1078 iorum,
751 1016 824 1080 quod
835 1029 907 1064 nunc

110 1091 220 1145 Nervae
239 1095 366 1152 vocatum
390 1091 456 1141 item
474 1089 588 1140 Flaviae
607 1090 738 1156 templum
758 1090 869 1155 gentis‚'·
881 1094 908 1139 et

111 1166 245 1230 stadium,
267 1171 293 1217 et
305 1165 415 1229 odeum,
438 1171 465 1216 et
473 1162 679 1229 naumachiam,
695 1165 799 1216 ecuius
810 1168 907 1230 postea

109 1241 205 1308 lapide
224 1241 360 1291 maximus
375 1241 483 1305 Circus,
504 1241 608 1292 deustis
622 1241 749 1306 utrinque
764 1240 906 1302 lateribus,

112 1322 269 1368 exstructus
279 1321 329 1367 est.

168 1390 216 1442 Vl.
237 1391 433 1458 Expeditiones
444 1391 544 1459 partim
556 1396 653 1460 sponte
663 1391 795 1458 suscepit,
806 1391 906 1458 partim

112 1467 284 1520 necessario:
305 1471 415 1534 sponte,
430 1467 460 1516 in
472 1467 582 1529 Cattos3
602 1468 773 1530 necessario,
785 1481 868 1518 arnam
878 1467 906 1516 in

113 1543 269 1607 Sarmatas,
290 1541 398 1609 legione
414 1557 474 1592 crim
489 1541 582 1609 legato
598 1541 680 1592 simul
695 1557 788 1603 caesa3
807 1542 837 1591 in
851 1539 908 1590 Da-

114 1635 162 1671 cos
174 1619 256 1682 duas,
268 1618 384 1687 primam
397 1617 486 1685 Oppio
499 1615 601 1669 Sabino
615 1617 755 1668 consulari
766 1631 908 1683 oppresso,

112 1693 274 1757 secundam,
301 1691 428 1744 Cornelio
453 1691 557 1757 Fusco,
587 1692 726 1761 praesecto
753 1690 909 1743 cohortirun

112 1769 363 1841 praetorianarum,
376 1767 421 1818 cui
430 1765 498 1816 belli
508 1783 642 1818 summam
653 1769 836 1820 commiserat.
867 1765 910 1816 De

114 1845 204 1896 Cattis
215 1843 354 1911 Dacisque
369 1847 434 1909 post
447 1842 526 1891 varia
541 1843 648 1908 proelia
664 1843 799 1910 duplicem
814 1843 910 1892 trium-

114 1919 198 1989 phum
218 1920 285 1986 egit:
297 1971 299 1974 ,
311 1919 344 1969 de
360 1917 493 1969 Sarmatis
513 1916 635 1968 lauream
649 1918 733 1968 modo
751 1916 909 1983 Capitolino

113 1996 176 2047 lovi
195 1995 298 2046 retulit.
337 1993 443 2044 Bellum
466 1991 557 2056 civile,
578 1997 682 2042 motum
699 2007 715 2041 a
730 1990 763 2042 L.
778 1992 908 2054 Antonio,

114 2071 267 2138 superioris
279 2067 442 2120 Germaniae
453 2067 591 2135 praeside,
614 2066 732 2118 confecit
743 2067 853 2130 absens,
869 2066 909 2117 ie-

113 2147 221 2198 lieitate
231 2145 313 2208 mira,
330 2159 412 2210 quum
422 2143 484 2209 ipsa
495 2143 681 2194 dimicationis
693 2139 762 2193 hora
772 2141 910 2194 resolutus

114 2227 226 2287 repente
237 2217 346 2270 Rhenus
356 2217 530 2268 transituras.
538 2218 573 2269 ad
583 2218 731 2269 Antonium
743 2219 838 2286 copias
847 2218 910 2268 bar-

113 2299 245 2349 barorum
255 2293 427 2345 inhibuisset.
467 2291 510 2344 De
521 2309 575 2362 qua
585 2293 704 2345 victoria
713 2295 790 2361 prins
800 2307 910 2361 praesa-

113 2372 181 2440 giis,
204 2385 285 2438 quiam
300 2368 420 2433 nunciis,
443 2369 587 2435 comperit3
608 2369 743 2437 siquidem
758 2370 833 2435 ipso,
855 2382 909 2436 quc

115 2447 276 2498 dimicatum
297 2450 350 2510 est,
373 2443 430 2508 die,
451 2449 570 2494 statuam
591 2445 649 2495 eius
669 2445 774 2496 Romae
793 2444 910 2510 insignis

117 2523 213 2590 aquila
234 2518 417 2587 circumplexa
441 2519 550 2585 pennis,
576 2519 718 2586 clangores
742 2520 910 2572 laetissimos

116 2598 218 2652 edidit:
238 2595 387 2666 paulloqne
397 2600 469 2662 post,
483 2594 604 2646 occisum
613 2594 760 2647 Antonium
771 2595 840 2648 adeo
851 2596 911 2648 vul·

115 2680 212 2742 gatum
224 2679 277 2738 est,
297 2677 329 2722 ut
340 2677 422 2736 caput
433 2684 542 2737 quoque
553 2671 611 2722 eius
623 2676 798 2739 apportatum
808 2673 910 2728 vidisse

117 2763 157 2815 se,
168 2747 293 2816 plerique
305 2746 506 2799 contenderent.
