2036 3022
285 232 483 278 CLAUDIUS.
520 231 598 278 GAP.
617 235 732 280 29-34.
857 233 907 282 217

103 357 213 410 sarium
233 355 331 408 Fucini
352 357 441 422 lacus,
467 372 500 408 ac
519 371 606 424 paene
627 357 796 423 submersus,
824 373 906 426 quum

103 434 209 486 emissa
223 433 328 500 impetu
343 448 416 500 aqua
430 431 620 484 redundasset.
658 432 815 484 Adhibebat
832 435 907 486 omni

106 523 213 560 coenae
224 513 251 559 et
260 507 363 558 liberos
374 523 454 571 suos,
467 523 528 558 cum
538 507 631 574 pueris
642 509 796 578 puellisque
806 509 906 559 nobili·

105 585 168 647 bus,
183 582 231 650 qui
240 598 316 634 more
327 577 413 634 vc'tcri
424 582 459 646 ad
469 582 559 633 fulcra
574 583 708 635 lectorum
723 583 848 636 sedentes
861 597 906 636 ve·

106 662 259 710 sectentur.
299 647 451 720 Convivae,
473 659 520 725 qui
535 659 625 726 pridie
639 654 780 727 scyphum
794 667 907 710 alueum

106 733 276 800 surripuisse
291 733 513 796 existimabatur,
535 741 665 786 revocato
684 736 713 785 in
729 735 801 786 diem
815 738 906 802 poste-

105 824 178 872 rum,
191 807 304 859 calicem
315 807 426 858 lictiicm
438 809 576 875 apposuit.
607 809 717 861 Dicitur
728 812 810 862 ctiam
821 809 906 860 medi-

105 889 183 934 tatus
195 881 327 946 edictum,
348 899 398 948 quo
413 882 515 934 veniam
526 884 601 935 daret
613 883 714 953 flatum
729 884 907 952 crepitumque

106 956 207 1010 sennis
218 956 246 1008 in
257 957 371 1009 concivio
383 957 526 1022 emittendi,
533 973 615 1025 quum
626 960 812 1025 periclitatum
823 977 905 1028 qnon-

106 1033 171 1084 dam
183 1048 251 1100 prae
261 1032 367 1101 pudore
378 1047 411 1084 ex
424 1033 594 1084 continentia
603 1034 760 1101 reperisset.

163 1107 292 1159 xxxin.
313 1107 376 1159 cibi
389 1108 500 1176 vinique
516 1123 679 1178 quocunque
694 1114 721 1160 et
734 1115 857 1177 tempore
879 1114 907 1160 et

106 1185 170 1236 loco
184 1183 433 1251 appetentissimus.
473 1183 649 1250 cognoscens
664 1183 804 1252 quondam
813 1185 842 1234 in
852 1185 905 1234 Au·

104 1259 182 1327 gusti
191 1257 264 1322 loro,
276 1259 401 1324 ictusque
411 1257 508 1315 nidore
519 1258 642 1326 prandii,
655 1259 730 1327 qnod
740 1260 769 1309 in
780 1259 907 1326 proxima

105 1335 208 1386 Martis
230 1333 297 1384 aede
319 1331 402 1384 Saliis
423 1334 622 1400 apparabatur,
644 1333 752 1386 deserto
774 1333 907 1385 tribunali

106 1409 235 1462 aseendit
245 1407 279 1458 ad
291 1407 461 1471 sacerdotes,
482 1423 592 1476 ruraque
608 1409 755 1462 discubuit.
795 1409 853 1462 Neo
868 1416 907 1462 te⁴

106 1501 182 1537 mere
195 1497 316 1552 unquam
336 1481 459 1533 triclinio
482 1483 628 1550 abscessit,
649 1485 705 1536 nisi
724 1485 858 1537 distentus
875 1501 908 1536 ac

106 1559 234 1624 madens,
255 1565 282 1610 et
292 1563 323 1609 ut
333 1558 426 1609 statim
438 1559 550 1624 supino,
571 1574 603 1610 ae
613 1576 662 1628 per
672 1576 798 1612 somnum
809 1558 905 1622 hianti,

105 1638 193 1706 pinna
207 1634 235 1684 in
254 1650 285 1685 os
300 1633 442 1684 inderetur
456 1633 491 1684 ad
506 1636 711 1687 exonerandum
725 1632 906 1687 stomachum.

105 1710 206 1764 Somni
219 1709 374 1761 brevissimi
391 1715 463 1773 erat,
486 1711 561 1772 (nam
578 1717 641 1762 ante
660 1711 778 1762 mediam
798 1715 906 1762 noctem

105 1787 269 1856 plerumque
284 1784 435 1850 evigilabat
441 1786 460 1848 z)
491 1789 522 1834 ut
535 1790 627 1836 tamen
641 1785 763 1837 interdiu
782 1801 906 1838 nonnun-

105 1877 190 1930 quam
200 1861 230 1910 in
241 1861 300 1912 inre
312 1857 429 1910 dicendo
441 1858 670 1922 obdormisceret,
692 1861 792 1929 vixque
809 1861 843 1911 ab
859 1860 906 1910 ad-

105 1935 226 1999 vocatis,
244 1935 276 1986 de
286 1933 423 1985 industria
432 1947 527 1985 vocem
540 1935 716 2000 augentibus,
731 1935 906 1986 excitaretur.

104 2010 246 2062 Libidinis
256 2011 285 2061 in
296 2007 412 2060 ieminas
421 2007 645 2076 profusissime,
667 2009 783 2059 marium
795 2009 906 2061 omnino

105 2101 214 2154 expers.
253 2084 321 2136 Alea
336 2083 538 2136 studiosissime
552 2084 632 2135 lusit:
658 2083 691 2136 de
708 2085 785 2136 cuius
801 2088 859 2136 arte
874 2084 907 2134 li·

107 2163 185 2213 brum
198 2175 309 2229 quoqne
320 2159 428 2211 emisit:
444 2160 543 2211 solitus
560 2161 643 2211 etiam
658 2161 686 2211 in
701 2160 855 2228 gestatione
865 2160 907 2211 lu-

106 2237 180 2301 dere,
192 2237 234 2286 ita
245 2234 341 2287 essedo
354 2234 486 2302 alveoque
499 2236 647 2304 adaptatis,
658 2253 692 2288 ne
703 2237 779 2290 lusus
795 2235 908 2290 coniun-

107 2313 227 2364 deretur.

163 2383 293 2438 XXXlV.
316 2383 430 2436 Saevum
443 2390 470 2435 ct
484 2385 691 2453 sanguinarium
703 2393 803 2438 natura
812 2385 907 2448 brisso,

107 2462 216 2532 magnis
227 2457 402 2528 minimisque
415 2461 543 2528 apparuit
552 2462 643 2513 rebus.
664 2463 814 2514 Tormenta
826 2475 908 2528 quae·

105 2539 228 2591 stionum
259 2551 417 2604 poenasque
447 2535 648 2608 parricidarum
673 2535 906 2604 repraesentabat,

105 2614 290 2682 exigebatque
306 2625 407 2662 coram.
449 2610 538 2671 Quum
559 2617 684 2677 spectare
700 2610 807 2678 antiqui
822 2609 907 2660 moris

105 2687 275 2758 supplicium
286 2683 386 2737 Tiburi
397 2686 578 2754 concupisset,
590 2691 617 2737 et
628 2686 756 2754 deligatis
769 2683 804 2735 ad
814 2683 908 2751 palum

107 2765 202 2817 noxiis
219 2759 343 2814 carnifex
359 2759 477 2826 deesset,
500 2761 617 2812 accitum
635 2759 668 2812 ab
678 2761 752 2812 Urbe
766 2773 908 2828 vesperam
