2036 3022
134 175 184 228 att
358 233 363 244 ⁵
415 173 441 218 o
467 169 653 218 suaromr

136 300 250 362 excidit3
271 298 336 350 item
346 295 456 349 Liviam
469 293 633 357 Ocellinam,
649 293 734 350 ditem
744 291 898 352 admodum
911 297 941 345 et
1004 299 1008 339 Δ

134 375 289 448 pulchram,
310 389 328 424 a
344 389 398 440 qua
412 378 503 422 tamon
519 369 674 440 nobilitatis
689 383 775 420 causa
794 369 939 436 appetitam

134 452 208 505 ultro
230 449 416 520 existimatur,
437 455 465 498 et
485 447 626 512 aliquanto
643 444 764 508 enixius,
784 450 937 514 postquam

76 575 81 580 .
135 527 250 588 subinde
260 524 375 576 metanti
389 523 492 572 vitium
501 521 626 586 corporis
635 525 741 572 secreto
752 520 849 587 posita
858 525 935 572 vente

135 601 246 665 detexit,
252 615 286 650 ne
297 598 378 668 quasi
387 598 513 664 ignaram
523 595 620 647 fallere
627 594 774 646 videretur.
786 592 936 646 Exdchai·

135 694 167 728 ea
179 675 293 737 liberos,
315 673 411 722 Caium
422 677 449 722 et
459 671 598 732 Servium,
613 669 783 738 procreavit3
815 685 936 736 quorum

135 753 225 802 maior
236 749 319 798 Caius
330 747 433 798 attritis
448 745 629 798 facultatibus
639 744 710 796 Urbe
722 744 819 796 cessit:
838 743 936 812 prolui·

135 827 262 892 bitusquc
279 839 296 874 a
306 822 419 874 'l'ilrerio
436 821 533 872 sortiri
546 835 618 872 auno
634 834 683 872 cuo
695 819 936 886 proconsulatum,

134 899 292 952 voluntaria
302 902 390 949 morte
401 896 481 948 obiit.

191 973 238 1028 IV.
260 973 318 1025 Ser.
335 971 426 1024 Galba
440 972 591 1038 imperator
605 969 645 1020 Μ.
660 967 774 1020 Valerio
790 968 937 1034 Messalla,

137 1051 185 1102 Cn.
201 1048 320 1102 Lentulo
342 1046 501 1100 consulibus
522 1051 602 1096 natus
617 1049 659 1094 est
673 1043 720 1094 lx.
735 1043 879 1100 Kalendas
894 1044 938 1096 la.

136 1125 241 1189 nuarii,
251 1125 279 1176 in
290 1123 357 1174 villa
368 1122 434 1174 colli
445 1121 633 1190 superposita,
648 1134 734 1186 prope
744 1119 937 1183 'taracinam
1008 1121 1009 1172 l

137 1201 326 1254 sinistrorcruu
341 1197 454 1248 Fundos
469 1195 633 1262 petentibus.
672 1193 828 1261 Adoptatus
848 1209 868 1244 a
883 1209 938 1246 ao·
1008 1235 1009 1264 ᾗ

137 1291 218 1328 verca
229 1290 280 1326 sua
289 1271 372 1325 Livia
381 1263 481 1324 no'rmm
491 1277 519 1324 et
530 1269 655 1322 Ocellare
666 1283 819 1334 cognomen
831 1284 937 1320 ascum·
1008 1265 1009 1294 ³

137 1349 205 1420 psit,
217 1354 322 1400 mutato
335 1345 521 1415 praenomine.
560 1343 630 1396 Nam
642 1343 760 1396 Lucim
774 1359 826 1410 pro
839 1343 938 1396 Servio

137 1423 387 1492 usqueadtempus
401 1421 513 1490 imperii
527 1419 679 1486 usurpavit.
719 1417 939 1486 Constatllugu·
1008 1411 1009 1440 l

139 1507 211 1552 stum
222 1513 307 1566 puero
319 1493 422 1560 adhue,
443 1496 577 1546 salutanti
591 1510 620 1546 ee
638 1495 710 1544 inter
723 1494 869 1562 aequales,
891 1510 939 1562 ap·

138 1573 274 1643 prehensa
284 1571 402 1624 buccula
413 1570 529 1634 dixisse,
550 1567 593 1620 καὶ
605 1565 649 1625 σύ,
668 1565 772 1626 vineoe,
792 1569 840 1633 τῆς
855 1564 940 1634 ἀρχῆς

139 1647 211 1714 ἡμῶν
221 1641 386 1712 παρατρώεῃ.
431 1643 485 1696 Sed
495 1650 523 1696 et
533 1644 675 1707 Tiberius,
691 1659 774 1712 quum
790 1645 941 1711 comperio·

141 1731 182 1775 set
192 1737 253 1776 eum
263 1721 476 1788 imperaturum,
488 1735 582 1772 venun
594 1719 624 1770 in
632 1724 756 1782 senecta,
777 1716 859 1770 Vicat
867 1735 941 1782 ecee,

142 1801 191 1864 ait,
203 1795 306 1865 quando
316 1793 346 1848 id
354 1795 390 1848 ad
398 1811 444 1848 noe
454 1794 523 1846 milit
528 1792 652 1862 pertinet.
687 1794 747 1846 Avo
758 1809 870 1861 quoque
881 1795 941 1846 eius

141 1875 235 1942 fulgur
244 1872 418 1942 procuranti,
438 1887 521 1940 quum
536 1875 600 1922 exta
610 1869 643 1919 dc
653 1869 780 1920 manilius
792 1869 890 1937 aquila
898 1884 943 1920 ra·

142 1952 261 2019 puiseet,
282 1946 661 2016 etinfruglieramquercum
672 1943 850 2008 contulisset,
870 1960 944 1998 aum·

142 2041 217 2078 mum
228 2023 276 2075 sed
286 2039 376 2075 cerum
387 2021 531 2090 imperium
546 2018 675 2087 portendi
687 2017 813 2070 faniiliae
827 2034 944 2086 respon·

144 2115 203 2150 sum
215 2104 265 2150 eet.
303 2097 340 2148 Et
349 2095 397 2150 ille
407 2096 538 2158 irridens,
553 2093 635 2156 Sane,
656 2094 760 2161 inquit,
781 2095 946 2160 cucumula

142 2171 282 2246 pepererit.
321 2171 400 2224 Nihil
424 2186 511 2239 aeque
534 2175 632 2236 postea
653 2167 770 2220 Galbam
791 2173 945 2224 munaum

145 2266 189 2302 res
200 2262 286 2300 novas
298 2246 482 2309 confirmavit,
504 2259 586 2311 quam
601 2244 692 2296 mulae
702 2248 812 2311 pamm
833 2245 947 2296 ceteris·

147 2339 199 2394 que
209 2329 240 2376 ut
251 2323 397 2376 obscenum
410 2325 547 2372 ostentum
558 2317 782 2380 abhorrentibue,
804 2318 884 2373 solue
894 2335 946 2386 pro

147 2399 300 2452 laetissimo
322 2397 441 2464 accepit,
465 2409 570 2459 memor
589 2394 721 2446 sacrificii
740 2393 864 2461 dictique
891 2395 948 2448 avi.

149 2473 263 2540 Sumpta
278 2471 355 2524 virili
367 2478 446 2538 toga,
468 2469 618 2522 somniavit
631 2468 782 2520 remmam
799 2469 947 2535 diceutem,

147 2555 219 2599 ctare
229 2563 256 2597 ee
266 2543 408 2616 antesocee
419 2544 560 2615 dffeecanq
581 2553 609 2596 et
621 2543 674 2594 reici
687 2543 758 2598 aciae
772 2543 947 2611 reciperetur,

148 2621 292 2688 cuicunque
308 2619 380 2672 obvio
396 2620 512 2687 praedae
523 2618 659 2690 saturam.
698 2619 787 2686 thue
802 2619 949 2688 evigilavit

149 2703 249 2762 aperto·
257 2695 341 2759 atrio,
363 2696 539 2748 sinurlacrum
554 2710 668 2748 aeneum
680 2693 749 2746 deae
761 2694 882 2748 cubitali
890 2711 946 2750 ma·
