2044 3028
114 205 163 258 341
390 206 416 250 C.
441 203 627 252 SUETONll

42 335 44 342 ‘
114 332 205 400 ipsam
221 329 306 382 Ennii
318 333 448 394 mortem,
464 345 546 398 quum
564 330 677 397 regione
694 327 800 382 Palatii
820 331 915 399 prola·

115 422 181 476 psus
191 407 221 458 in
232 406 343 458 cloacae
353 404 492 469 foramen,
504 419 565 456 crus
575 404 710 472 fregisset,
722 421 773 473 per
784 422 866 458 omne
876 408 915 458 le-

116 481 238 550 gationis
248 482 330 532 simul
340 484 368 532 et
376 479 542 532 valetudinis
552 487 659 548 tempus
669 481 805 547 plurimas
816 497 914 534 acroa-
1005 535 1006 546 ,

117 559 155 610 sis
176 556 291 609 subinde
310 555 385 620 fecit,
407 555 571 622 assidueque
591 555 733 620 disseruit,
756 571 790 609 ao
809 559 915 609 nostris

116 632 239 701 exemplo
254 631 317 683 tuit.
355 630 496 681 Hactenus
510 636 601 682 tamen
611 630 726 695 imitati,
737 637 770 682 ut
781 633 914 698 carmina,
1005 637 1006 646 ³

115 723 212 774 parurn
223 706 313 758 adhuc
322 704 476 772 divulgata,
487 704 531 756 rel
542 705 732 758 definctonnn
749 707 913 770 amicorum,

114 782 159 834 vel
172 783 198 833 si
208 796 323 850 quornm
336 779 454 831 aliorum
468 780 643 848 probassent,
655 780 816 848 diligentins
826 789 913 834 retra-

116 861 233 920 ctarent,
249 871 282 907 ao
296 854 411 922 legendo
424 856 686 924 commentandoque
697 862 724 907 et
734 859 835 909 ceteris
845 865 914 910 nota

115 931 254 984 iacerent:
274 936 306 982 ut
326 931 356 981 c.
369 930 517 981 Ocrsvrus
532 929 686 982 Lsnrsnro
707 930 809 983 Naevii
828 933 913 985 Puni·

117 1021 177 1058 cum
191 1005 306 1070 bellum,
321 1005 396 1074 quod
410 1020 466 1057 uno
481 1004 620 1058 volumine
635 1011 662 1058 et
676 1007 831 1059 continenti
845 1010 913 1060 scri·

114 1089 196 1150 ptura
207 1081 374 1150 expositum,
386 1080 480 1132 divisit
489 1081 519 1130 in
529 1087 632 1148 septem
641 1081 747 1133 libros:
766 1090 799 1134 ut
813 1091 914 1150 postea

117 1155 364 1218 avesnensem:
375 1155 487 1207 annales
497 1155 588 1221 Ennii,
600 1172 670 1225 quos
682 1156 763 1209 certis
774 1157 873 1210 diebus
883 1161 913 1210 in

114 1246 215 1299 magna
224 1231 378 1298 frequentia
388 1231 602 1298 pronunciabat:
613 1236 645 1283 ut
653 1231 785 1284 Lsunrus
796 1235 911 1284 daona

114 1319 201 1370 nius,
215 1305 361 1370 Vsorrns,
378 1305 509 1368 Qumrua
520 1304 711 1358 Prrrnooonns
721 1307 828 1360 Lucilii
843 1310 910 1360 sati-

112 1397 172 1445 ras,
182 1380 329 1432 iamiliaris
343 1381 405 1432 sui:
426 1396 494 1449 quas
508 1381 608 1449 legisse
621 1397 651 1434 se
661 1382 734 1448 apud
744 1382 908 1436 Archelaum

114 1455 262 1522 Pompeius
271 1455 405 1520 Lenaeus,
412 1456 485 1524 apud
495 1455 685 1509 Philocomum
690 1456 819 1510 Valerius
830 1460 910 1524 cato,

113 1532 283 1598 praedicant.
340 1531 531 1582 instruxerunt
560 1537 748 1600 auxeruntque
774 1535 809 1585 ab
834 1537 912 1586 omni

57 1665 60 1674 y
113 1607 408 1674 partcgrammatioam
418 1604 452 1656 L.
463 1606 572 1657 Annrus
582 1605 760 1672 Lanuuiana,
772 1624 911 1678 generque

113 1681 196 1745 Aelii,
217 1681 342 1733 Saarrns
363 1680 507 1746 Gnonrus,
526 1688 640 1750 uterque
655 1699 738 1750 eques
752 1683 910 1751 Romanus,

113 1756 246 1824 multique
257 1771 290 1806 ac
299 1755 371 1807 varii
380 1755 446 1808 etin
457 1755 583 1811 doctrina
593 1763 620 1810 et
629 1759 659 1808 in
668 1759 812 1826 republica
822 1775 901 1812 usus.

168 1831 216 1883 lll.
246 1831 354 1882 Annius
380 1835 542 1899 cognomine
568 1833 673 1902 duplici
695 1834 768 1886 init:
796 1843 913 1888 namet

114 1905 301 1970 Praeconinus,
308 1907 381 1974 qnod
392 1913 471 1975 pater
481 1908 540 1959 eius
549 1910 726 1976 praeconium
738 1909 851 1976 fecerat,
862 1928 910 1963 vo-

114 1983 241 2048 cabatur,
257 1990 285 2035 et
295 1981 373 2044 sab,
386 1981 460 2051 quod
471 1983 611 2034 orationes
622 1984 796 2038 nobilissimo
809 1988 911 2054 cuique

114 2059 233 2110 scribere
253 2058 378 2110 solebat:
397 2063 492 2108 tantus
511 2059 675 2124 optimatum
695 2059 801 2125 fautor,
822 2068 855 2113 nt
876 2062 909 2124 Q.

112 2131 254 2185 Metellum
281 2131 456 2184 Numidicum
485 2134 515 2184 in
542 2133 655 2186 exilium
685 2137 834 2188 comitatus
863 2139 909 2189 sit.

114 2207 239 2259 Snnvrus
251 2223 333 2276 quum
347 2208 448 2259 librum
459 2209 549 2260 soceri
562 2209 684 2262 nondum
696 2211 799 2262 editum
810 2211 910 2264 fraude
1005 2217 1006 2230 ³

112 2283 312 2350 intercepisset,
329 2289 357 2334 ct
367 2283 403 2334 ob
413 2280 467 2334 hoc
476 2284 636 2350 repudiatus
651 2285 757 2352 pudore
768 2303 801 2339 ac
811 2289 907 2339 taedio

112 2358 270 2410 secessisset
289 2357 324 2408 ab
338 2357 419 2422 Urbe,
439 2359 469 2408 in
487 2359 629 2427 podagrae
648 2362 775 2412 morbum
789 2363 908 2414 incidit:

113 2432 191 2482 cuius
204 2433 351 2497 impatiens
365 2448 468 2484 veneno
484 2433 539 2484 sibi
552 2437 682 2502 perunxit
694 2437 791 2503 pedes,
802 2444 831 2489 et
844 2454 907 2490 ene·

112 2506 169 2556 cuit
178 2507 231 2569 ita,
246 2512 278 2557 ut
286 2513 364 2573 parte
375 2522 408 2558 ea
419 2509 545 2574 corporis
556 2511 636 2578 quasi
646 2519 824 2576 praemortua
833 2514 906 2564 rive-

110 2583 160 2628 ret.
199 2579 267 2631 Post
277 2579 330 2634 hoc
339 2583 427 2649 magis
438 2597 470 2634 ac
480 2584 568 2650 magis
578 2592 606 2636 ot
620 2587 711 2652 gratia
722 2593 750 2638 et
759 2603 826 2638 cura
837 2590 907 2640 artis

109 2649 242 2714 increvit3
262 2660 293 2705 ut
307 2671 341 2706 ne
356 2657 503 2708 clarissimi
518 2659 627 2726 quiden:
642 2659 696 2710 viri
711 2661 904 2727 abstinuerint,

110 2735 165 2786 qno
176 2726 264 2778 :ninus
275 2730 365 2796 stipsi
376 2730 481 2798 aliquid
492 2732 525 2783 de
535 2748 569 2784 ea
579 2735 737 2802 scriberent,
742 2744 828 2805 utque
838 2744 904 2792 tern-
