2036 3022
137 221 188 276 224
417 225 443 272 G.
470 220 653 274 SUETONH

137 349 242 420 pultine
264 348 372 414 addito,
395 367 477 418 quum
495 350 571 403 velut
591 350 752 402 exhaustum
773 350 853 402 retici
875 351 938 404 cibo

139 430 291 494 oporteret,
304 442 338 476 an
348 427 472 478 immisso
483 443 532 495 per
543 427 700 494 clysterem,
716 431 747 476 ut
758 427 840 492 quasi
852 427 938 478 abun-

138 502 234 552 dantia
248 501 388 552 laboranti
403 502 485 552 etiam
500 500 554 553 hoe
567 517 665 568 genere
677 500 828 568 egestionis
840 503 936 553 subve-

137 577 250 627 niretur.
832 573 834 578 '

192 649 279 702 XLV.
299 650 376 701 Mors
388 651 446 702 eius
458 650 547 702 celata
558 657 610 714 est,
633 646 720 703 donec
736 650 812 701 cirea
827 667 934 703 sueces-
1003 649 1004 652 ’

137 742 226 780 sorem
238 725 331 776 omnia
342 726 543 777 ordinarentur.
580 725 676 792 ltaque
692 731 719 776 ct
734 725 815 791 quasi
826 742 878 792 pro
892 743 935 778 ae·
1003 777 1004 780 ,

136 816 186 866 gro
198 798 287 850 adhuc
296 807 363 850 vota
373 806 500 866 suscepta
511 806 586 864 sunt,
608 807 635 851 et
644 799 750 850 inducti
759 815 809 866 per
820 801 934 853 simula-

137 876 238 925 tionem
251 874 386 937 comoedi,
398 875 446 942 qui
455 875 530 926 velut
540 875 739 926 desiderantem
751 874 933 927 oblectarent.

134 947 262 1000 Excessit
270 950 352 1001 tertio
364 949 571 1014 ldusOctobris,
582 947 829 1012 AsinioMereello,
841 951 931 1002 Acilio
1003 1005 1004 1008 ,

135 1023 234 1074 Aviola
246 1024 417 1090 consulibus,
429 1031 528 1093 quarto
540 1030 567 1075 et
577 1024 747 1091 sexagesimo
761 1025 872 1090 aetatis,
883 1026 933 1075 im-

135 1099 206 1166 perii
226 1099 432 1167 quartodecimo
455 1115 536 1150 anno.
574 1097 727 1149 Funeratus
748 1105 789 1149 est
803 1099 932 1151 sollemni

134 1173 289 1240 principum
309 1189 422 1241 pompa,
444 1180 470 1225 et
488 1175 517 1223 in
532 1189 673 1224 numerum
688 1173 801 1224 deorum
817 1175 931 1225 relatus.

137 1247 223 1308 Quem
238 1247 382 1312 honoiem,
404 1265 421 1299 a
431 1247 540 1298 Nerone
555 1247 714 1299 destitutum
729 1247 929 1316 abolitumque,

133 1323 238 1390 recepit
248 1339 311 1374 mox
322 1339 371 1390 per
379 1322 589 1390 Vespasianum.
641 1374 646 1392 ‚

189 1395 291 1448 XLVI,
309 1396 460 1465 Praesagia
470 1397 567 1448 mortis
579 1397 638 1448 eius
648 1397 798 1464 praecipua
809 1397 929 1463 fuerunt,

135 1477 247 1523 exortus
262 1471 376 1523 crinitae
391 1473 499 1535 stellae,
521 1487 601 1539 quam
618 1478 739 1525 cometen
756 1479 871 1536 vocant;
891 1481 931 1524 ta-

136 1553 261 1614 ctumque
282 1547 324 1598 de·
337 1547 414 1598 coelo
439 1553 642 1598 monumentum
662 1546 748 1596 Drusi
772 1548 875 1613 patris3
906 1555 932 1600 et

135 1623 211 1688 quod
224 1621 319 1672 eodem
335 1637 406 1672 anno
422 1636 455 1672 ex
472 1622 592 1672 omnium
606 1621 816 1688 magistratuum
832 1637 931 1690 genere

134 1696 258 1762 plerique
271 1701 385 1746 mortem
402 1695 535 1747 obierant.
576 1695 628 1747 Sed
643 1712 693 1747 nec
707 1696 766 1762 ipse
785 1696 931 1763 ignorasse

135 1775 183 1820 ant
193 1769 381 1820 dissimulasse
395 1770 494 1820 ultima
508 1772 581 1821 vitae
595 1786 661 1821 suae
675 1777 802 1837 teurpora
811 1771 930 1836 videtur,

135 1844 243 1911 aliquot
253 1844 362 1912 quidem
374 1845 549 1912 argumentis.
588 1843 658 1895 Nem
670 1850 697 1897 et
708 1860 789 1911 quum
802 1847 930 1898 consules

135 1919 305 1986 designaret,
319 1920 452 1972 neminem
463 1919 536 1970 ultra
546 1935 678 1983 mensem,
696 1935 750 1987 quo
762 1921 848 1984 obiit,
861 1922 931 1974 desi-

134 1995 242 2062 gnavit,
254 1995 319 2045 etin
330 2001 440 2058 senatu,
453 1995 498 2044 cni
507 1994 655 2044 novissime
665 1992 802 2058 interfuit,
814 1997 930 2046 multum

136 2068 171 2118 ad
192 2069 369 2122 concordiam
382 2070 485 2121 liberos
506 2084 570 2119 snos
593 2067 765 2131 cohortatus,
786 2071 931 2138 utriusque

135 2149 252 2194 aetatem
273 2144 433 2210 suppliciter
452 2143 577 2210 patribus
598 2143 807 2194 commendavit.
848 2145 886 2198 Et
904 2146 930 2194 in
1003 2205 1004 2212 ἵ

133 2216 232 2267 ultima
243 2219 400 2284 cognitione
410 2234 460 2286 pro
470 2217 611 2282 tribunali,
623 2217 759 2270 accessisse
769 2234 796 2268 se
806 2219 931 2288 adfinem

134 2291 317 2354 mortalitatis,
344 2307 498 2359 quanquam
524 2292 746 2342 abominantibus
767 2293 816 2359 qui
837 2293 932 2345 audie·
1003 2357 1004 2362 ¹

133 2364 209 2436 bant,
220 2367 305 2419 semel
315 2373 396 2436 etque
406 2368 503 2418 iterum
515 2367 717 2434 pronrmciavit.
795 2416 796 2420 ,

408 2557 647 2618 *wo-
