2036 3022
100 239 150 290 292
378 243 405 285 G.
428 240 619 288 SUE'l'ONlI

101 366 256 432 ratione,ac
264 365 321 417 iam
330 381 451 434 vespere,
463 365 554 418 subito
567 381 583 416 a
593 365 729 418 militibus
740 383 755 419 e
767 369 896 422 cubiculo

101 447 209 509 raptus,
220 441 262 493 ita
271 448 302 494 ut
311 447 383 506 erat,
395 442 424 492 iu
433 446 508 493 veste
519 441 680 506 domestica,
691 442 847 510 imperator
857 451 899 498 est

101 516 302 568 consalutatus:
314 515 543 588 circumlatusque
553 515 894 585 perceleberrimosvicos,

98 593 223 644 strictum
238 591 295 642 dlvi
307 591 372 642 Iulii
385 592 508 659 gladium
522 597 629 657 tenens,
650 591 803 644 detractum
820 595 895 647 delu-

98 667 148 718 bro
163 665 275 731 Martis,
292 671 373 735 atque
387 667 417 717 iu
431 667 521 734 prima
534 667 720 734 gratulatione
734 676 895 735 porrectum

97 742 153 793 sibi
163 757 180 792 a
190 741 309 810 quodam
320 759 327 792 ε
347 757 397 793 nec
408 746 470 792 aute
480 742 509 793 in
523 743 691 808 praetorium
702 743 797 808 rediit,
811 760 895 813 quam

98 815 229 883 flagrante
248 815 370 868 triclinio
392 831 425 868 ex
446 823 580 884 conceptu
594 818 712 880 camini3
733 833 818 885 quum
834 822 895 890 qui·

97 891 176 954 dem,
198 891 379 943 consternatis
404 897 431 943 et
451 893 531 960 quasi
551 892 642 944 onrine
662 892 777 945 adverso
800 897 893 946 anxiis

97 966 236 1030 omnibus,
247 963 336 1029 Bono,
346 967 447 1037 iuquit,
459 966 547 1018 anime
563 975 644 1018 estete
654 983 667 1028 ;
686 967 760 1019 nobis
774 969 872 1022 alluxit
879 989 894 1032 ;

95 1041 172 1092 uullo
184 1056 308 1094 sermone
319 1041 375 1093 alio
388 1041 461 1108 apud
471 1041 572 1094 milites
581 1058 657 1093 usus.
697 1043 893 1096 consentiente

96 1115 194 1169 deinde
218 1117 300 1169 etiam
324 1117 475 1184 superioris
498 1117 657 1184 provinciae
682 1119 822 1184 exercitu,
844 1121 893 1190 qui

95 1191 171 1258 prius
183 1207 200 1242 a
211 1190 302 1243 Galba
316 1191 352 1243 ad
366 1197 489 1243 senatum
501 1191 646 1256 deiecerat,
659 1207 810 1260 cognomen
823 1193 893 1246 Ger-

94 1267 205 1331 manici,
217 1267 338 1320 delatum
348 1267 383 1318 ab
394 1267 538 1331 universis,
550 1267 647 1335 cupide
657 1268 779 1333 recepit;
799 1269 893 1336 Augu-

94 1341 132 1393 sti
141 1341 249 1392 distulit
260 1359 267 1405 ;
289 1341 415 1394 Caesaris
425 1343 454 1393 in
465 1348 625 1410 perpetuum
635 1343 781 1394 recusavit.

149 1416 197 1467 lx.
217 1417 257 1468 Ac
270 1417 385 1469 subinde
401 1417 484 1469 caede
499 1415 605 1469 Galbae
621 1418 800 1482 annunciata,
817 1434 893 1471 com-

93 1491 194 1558 positis
210 1489 381 1544 Gemranicis
395 1491 489 1556 rebus,
505 1491 623 1560 partitus
639 1498 680 1542 est
696 1493 805 1558 copias,
822 1509 894 1561 quas

96 1566 225 1619 adversus
241 1565 376 1619 Othonem
390 1568 590 1636 praemitteret,
612 1581 735 1636 quasque
754 1567 816 1634 ipse
830 1583 892 1635 per-

95 1641 214 1694 duceret.
253 1640 408 1693 Praemisso
431 1643 550 1710 agmine,
570 1641 673 1692 laetum
693 1643 784 1694 evenit
798 1646 893 1712 auspi·

95 1716 166 1766 cium
178 1733 185 1766 z
204 1716 340 1786 siquidem
352 1723 456 1784 aparte
468 1716 564 1769 dextra
578 1720 688 1784 repente
699 1717 793 1786 aquila
805 1719 892 1770 advo-

11 1851 13 1854 ,
93 1790 170 1855 lavit,
180 1790 358 1861 lustratisque
369 1792 463 1860 signis,
469 1792 608 1860 ingressos
618 1791 691 1842 viam
702 1793 804 1843 sensim
816 1801 893 1846 ante-

95 1867 194 1930 cessit3
216 1871 245 1918 at
259 1873 356 1919 contra
368 1869 431 1936 ipsu
447 1872 584 1931 movente,
606 1871 715 1918 statuae
735 1875 892 1934 equestres,

95 1957 177 2010 quum
187 1941 362 2010 plurifariam
373 1945 399 1995 ei
408 1948 585 2012 ponerentur,
597 1940 694 2014 fractis
707 1948 821 2010 repente
832 1960 893 1995 cru-

92 2017 170 2068 ribus
180 2019 284 2086 pariter
295 2023 456 2070 corruerunt
466 2034 473 2081 3
494 2023 522 2068 et
530 2016 634 2081 laruea,
646 2031 728 2086 quam
737 2018 894 2086 religiosis-

94 2091 162 2144 sime
177 2091 405 2158 circumdederat,
425 2095 454 2144 in
474 2091 654 2161 profluentem
671 2091 783 2144 excidit.
823 2093 894 2146 Mox

95 2165 218 2220 Viennae
231 2182 281 2235 pro
292 2168 425 2219 tribunali
439 2169 501 2219 iura
515 2165 654 2231 reddenti,
664 2166 837 2233 gallinaceus
848 2185 894 2220 su·

93 2241 313 2308 perhumanum,
334 2259 366 2294 ac
380 2243 478 2294 deinde
494 2241 628 2308 incapite
644 2242 741 2293 astitit.
783 2243 893 2304 Quibus

94 2318 211 2370 ostentis
221 2334 273 2385 par
284 2317 425 2385 respondit
435 2317 524 2370 exitus
536 2335 542 2368 :
562 2332 626 2368 nam
637 2317 829 2370 confirmatum
843 2335 894 2387 per

93 2392 200 2460 legatos
211 2409 276 2444 sires
285 2393 431 2460 imperinm
441 2407 490 2461 per
500 2407 529 2443 se
538 2393 656 2444 retinere
666 2408 722 2443 nou
731 2393 834 2458 potuit.

149 2468 184 2518 X.
214 2467 256 2519 De
278 2467 450 2518 Betriacensi
472 2467 591 2518 victoria
615 2473 641 2518 et
662 2465 780 2518 Othonis
801 2469 893 2534 exitu,

94 2556 177 2606 quum
189 2541 278 2594 adhuc
287 2541 316 2591 in
327 2523 422 2593 Gallia
432 2545 511 2605 esset,
524 2539 624 2591 audiit:
644 2539 768 2609 nihilque
780 2550 894 2594 cuncta.

92 2624 146 2678 rus,
159 2615 289 2683 quicquid
299 2617 537 2682 praetorianarum
550 2613 706 2667 cohortium
715 2615 778 2681 fuit,
789 2624 823 2668 ut
831 2632 897 2684 perr-=

94 2687 157 2758 simi
167 2689 299 2755 exempli,
315 2703 370 2740 uno
382 2689 686 2754 exauctoraritedlcto,
702 2691 793 2742 iussas
803 2693 895 2744 tribu-

103 2759 135 2808 uis
154 2763 263 2812 tradere
285 2777 370 2814 arma.
425 2764 538 2838 centum
564 2770 654 2817 autem
674 2770 757 2833 atque
777 2767 893 2834 viginti,
