2026 3020
217 207 347 258 lilLlUS
374 211 531 274 cAESAR,
565 212 776 264 causa-u.
862 213 895 266 {5

85 337 151 402 bis,
169 341 298 404 portaret
307 337 336 388 ln
347 335 488 403 Campum.
527 337 602 388 Inter
617 335 699 390 ludos
711 343 821 392 cantata
831 345 895 392 sunl

86 411 234 481 quaedam
255 411 290 461 ad
305 412 510 463 miserationem
526 419 554 464 et
567 413 701 464 invidiam
718 415 810 466 caedis
825 416 892 480 siris,

85 485 307 540 accommodata
318 502 351 537 ex
362 485 477 538 Pacuvii
487 488 633 539 Armorum
642 489 762 541 iudicio:

126 589 169 600 -
178 591 218 600 —
227 559 297 612 Me'n’
308 577 430 624 servasse,
442 571 475 613 ot
483 561 574 626 tacent,
587 564 633 630 qui
642 580 682 616 me
688 564 846 632 perderent?

87 645 118 690 et
138 653 174 688 ex
190 637 303 688 Electra
316 637 407 687 Attilii
428 636 512 706 [alia]
535 638 571 689 ad
586 639 704 691 similem
719 641 891 694 sententiam.

87 711 281 764 Laudationis
303 712 366 762 loco
388 712 485 763 consul
505 713 639 765 Antonius
660 731 709 781 por
728 730 891 784 praeconem

88 787 290 855 pronunciavit
299 792 411 838 senatus
423 788 591 854 consultum,
604 805 657 856 quo
671 792 763 841 omnia
773 791 857 842 simul
867 793 893 842 ei

89 864 190 914 divina
200 867 284 930 atque
295 860 415 912 hnmana
425 863 596 928 decreverat3
616 865 681 916 item
691 867 892 931 iusiurandum,

51 969 53 974 -
91 953 148 1006 quo
165 953 196 988 se
213 938 306 991 emoti
320 952 370 1004 pro
383 937 471 989 salute
482 939 563 990 unius
575 941 772 992 astrinxerant:
793 943 892 1010 quibus

92 1027 236 1081 perpauca
252 1027 269 1062 a
284 1028 313 1063 se
328 1014 412 1062 verba
428 1012 544 1063 addidit.
582 1013 698 1065 Lectum
714 1031 764 1083 pro
784 1017 892 1079 rostris,

91 1089 123 1140 in
133 1087 227 1138 iorum
239 1088 417 1154 magistratus
428 1094 455 1138 et
464 1086 617 1139 honoribus
631 1087 720 1139 frmcti
730 1090 893 1140 debuerunt.

96 1163 184 1224 Quem
202 1178 284 1229 quum
300 1177 365 1228 pars
379 1163 409 1212 in
421 1163 573 1230 Capitolini
587 1162 661 1215 lovis
678 1164 748 1215 cella
764 1179 893 1228 cremore,

93 1253 162 1305 pars
171 1239 200 1288 iu
212 1238 290 1288 curia
300 1236 439 1304 Pompeii,
461 1239 624 1302 destinaret,
645 1245 757 1306 repente
768 1239 823 1291 duo
835 1241 893 1308 qui-

95 1313 160 1364 dam
171 1311 274 1379 gladiis
285 1313 418 1363 succincti
429 1327 462 1363 ac
471 1314 537 1363 bina
546 1314 640 1365 incida
649 1320 787 1382 gestantes
799 1316 894 1366 arden-

95 1389 171 1440 tibus
184 1387 270 1439 cereis
281 1387 491 1438 succendes-emt:
509 1387 706 1458 confestimque
718 1392 894 1442 circumstan-

95 1464 166 1514 tium
176 1463 259 1514 turba
269 1462 389 1528 virgulta
400 1462 492 1526 arida,
509 1469 536 1514 et
551 1480 611 1515 eum
623 1466 761 1518 subselliis
771 1467 894 1516 tribuna-

98 1538 145 1600 lia,
158 1536 289 1605 quicquid
301 1542 443 1603 praeterea
454 1538 489 1588 ad
501 1553 610 1588 manum
621 1539 730 1604 aderat,
743 1541 893 1606 congessit:

98 1613 197 1664 deinde
207 1613 335 1663 tibicines
346 1618 373 1663 et
384 1614 486 1664 scenici
497 1613 616 1665 artifices
626 1619 742 1678 vestem,
764 1629 845 1681 qnam
860 1629 894 1664 ex

97 1689 280 1739 instrumento
296 1686 497 1754 triumphorum
518 1687 553 1739 ad
574 1697 744 1756 praesentem
762 1705 839 1740 usum
854 1689 894 1738 in-

99 1764 228 1826 duerant,
255 1762 406 1814 detractam
431 1763 486 1813 sibi
511 1769 592 1830 atque
613 1765 757 1816 discissam
776 1765 894 1816 iniecere

100 1837 238 1899 damnine,
257 1835 310 1905 [et]
323 1843 514 1888 veteranorum
530 1828 646 1890 urdimm
658 1840 806 1906 legionarii
817 1855 894 1889 aritia

100 1927 163 1976 sua,
189 1913 289 1979 quibus
309 1912 412 1962 exculti
430 1911 513 1962 fimus
533 1913 721 1975 celebrabant3
751 1919 894 1964 niatronae

100 1989 183 2039 etiam
199 1987 345 2054 pleraeque
361 1991 523 2038 ornamenta
533 2001 596 2049 sua,
618 2002 688 2054 quae
702 1988 846 2054 gerebant,
867 1994 896 2038 et

102 2063 251 2114 liberorum
262 2060 352 2112 bullas
364 2067 445 2130 atque
455 2066 621 2129 praetextas.
647 2061 678 2112 ln
688 2075 794 2112 summo
804 2061 893 2128 publi·

101 2153 133 2188 co
152 2136 229 2188 luctu
249 2142 403 2187 exterarum
423 2137 545 2203 gentium
565 2135 712 2188 multitudo
729 2137 891 2200 cirurlatlnr,

10 2275 13 2284 Ι
100 2228 149 2264 stro
161 2225 286 2279 quaeque
296 2225 385 2273 more,
398 2212 547 2263 lanientata
558 2219 612 2275 est3
638 2209 838 2281 praecipueque
849 2213 892 2263 lu-

100 2287 174 2349 daei,
192 2287 241 2354 qui
250 2286 334 2337 etiam
345 2287 473 2338 noctibus
489 2287 627 2340 continuis
642 2290 752 2340 bustum
767 2288 892 2358 frequen·

99 2367 197 2412 taumt.

155 2435 296 2488 LXXXV.
316 2435 398 2486 Plebs
409 2437 501 2488 statim
514 2451 530 2486 a
540 2436 635 2488 funere
646 2439 680 2488 ad
692 2439 802 2488 domum
813 2435 893 2486 Bruti

99 2511 224 2563 etCassli
240 2527 299 2561 eum
316 2509 423 2562 lacibus
438 2511 567 2562 tetendit:
593 2517 674 2580 atque
691 2527 770 2578 aegre
781 2510 892 2576 repulsa

99 2587 207 2640 obvium
223 2586 279 2637 sibi
294 2585 422 2636 Helvium
435 2585 548 2635 Cinnam
564 2602 612 2654 per
628 2601 747 2637 errorem
763 2585 891 2648 nominis,

100 2663 176 2729 qnasi
189 2660 334 2712 Cornelius
344 2661 369 2711 is
386 2665 470 2723 esset,
493 2675 571 2727 quem
588 2661 708 2726 graviter
724 2659 813 2727 pridie
829 2673 893 2711 eon·

101 2738 237 2792 donatum
249 2735 283 2788 dc
295 2736 413 2788 Caesare
428 2735 598 2802 requirebat,
622 2735 736 2800 occidit,
759 2741 892 2801 caputque
