2036 3022
757 149 765 176 i

147 237 198 298 tro
427 236 454 292 u
476 207 669 316 'sunpomu

147 371 281 424 Fucinum
295 370 399 436 laeum,
419 365 611 423 naumachiam
627 373 689 421 ante
704 359 854 421 commisit.
897 366 953 424 Sed

149 463 245 518 quum,
260 447 497 516 proclamantibus
506 441 736 509 naumachiariis,
757 444 821 508 Ave,
834 445 952 514 impera·

148 533 198 586 tor,
211 521 336 575 morituri
346 531 371 574 te
381 523 510 585 salutant,
526 518 727 589 respondisset,
740 519 823 572 Arete
832 537 894 586 nos,
906 537 950 574 ne-

148 614 200 667 que
214 603 279 667 post
292 596 364 648 bauo
376 613 485 661 vocem,
507 595 587 664 quasi
600 595 681 668 venia
697 595 774 659 data,
797 596 949 664 quisquam
1000 583 1001 640 i

147 673 279 724 dimicare
289 673 384 735 vellet3
406 671 453 723 din
464 677 619 734 cunctatus,
637 685 672 721 an
683 684 777 721 omnes
788 671 849 738 igni
859 671 948 724 ferro·
1000 665 1001 670 ’

147 764 199 816 que
211 748 378 810 absumeret,
399 746 509 798 tandem
522 746 610 798 esede
621 761 672 797 sua
681 745 827 812 prosiluit,
850 761 887 798 ae
900 763 949 815 per
1000 757 1001 762 ’

146 822 278 872 ambitum
289 822 378 886 lacus,
398 837 454 874 non
465 822 524 873 sine
533 820 617 873 foeda
626 820 818 885 vacillatione,
840 822 948 875 discur-

145 911 215 961 rens,
223 897 322 964 partim
333 896 580 964 minando‚partim
591 894 764 948 adhortando
776 895 811 945 ad
823 913 948 964 pugnam

146 972 287 1038 compulit.
326 971 390 1024 Hoc
405 971 562 1040 spectaculo
578 971 675 1022 elassis
686 969 780 1022 Sicula
795 976 823 1022 et
833 970 947 1024 Rhodia

146 1054 353 1112 concurremmt,
376 1047 564 1099 duodenarum
574 1047 727 1098 “bensium
738 1044 881 1112 singulae,
903 1064 948 1100 ex·
1000 1101 1001 1124 Χ

145 1123 233 1174 ciente
253 1123 370 1174 buccina
385 1123 500 1174 Tritone
516 1126 659 1189 argenteo,
681 1121 728 1189 qui
743 1121 866 1172 emedio
884 1123 946 1175 iaou

144 1212 193 1263 per
203 1195 359 1248 machinam
370 1203 526 1249 emerserat.

199 1270 288 1323 xxu.
310 1273 451 1334 Quaedam
464 1273 538 1324 cirea
549 1271 730 1324 caerimonias
742 1271 910 1341 civilemque
920 1291 946 1326 et

144 1346 290 1398 militarem
302 1363 419 1412 morem,
440 1349 505 1399 item
521 1348 595 1399 eirea
611 1343 732 1398 omnium
748 1347 878 1399 ordinum
891 1356 943 1400 sta-

143 1427 200 1472 tum
217 1421 293 1472 domi
305 1421 430 1491 forisque
446 1428 495 1474 ant
509 1423 629 1474 correxit
644 1427 693 1473 aut
706 1421 815 1473 exoleta
829 1439 944 1475 revoca·

143 1493 191 1560 vit,
204 1502 252 1547 ant
263 1497 344 1548 etiam
355 1513 428 1550 nova
437 1499 565 1549 instituit.
603 1497 635 1548 ln
651 1497 815 1564 cooptandis
826 1513 878 1565 per
889 1499 944 1550 col-

144 1570 218 1638 legia
228 1573 431 1636 sacerdotibus,
447 1573 581 1624 neminem
591 1573 647 1623 nisi
657 1573 764 1623 iuratus
774 1573 943 1624 nominarit:

146 1647 356 1713 observavitque
366 1646 476 1710 sedulo,
496 1653 540 1713 ut,
557 1648 665 1714 quoties
674 1653 750 1698 terra
759 1647 789 1698 iu
799 1647 875 1700 Urbe
886 1663 944 1700 mo·

145 1723 241 1784 visset,
260 1719 346 1772 ferias
361 1721 497 1773 advocata
513 1723 645 1774 concione
661 1727 773 1790 praetor
792 1719 943 1785 indiceret3

144 1800 228 1862 utque
240 1795 276 1846 ob
287 1795 348 1846 dira
359 1797 445 1848 autin
454 1797 527 1849 Urbe
539 1802 587 1848 aut
599 1797 629 1848 in
640 1797 781 1864 Capitolio
795 1797 873 1862 visa,
896 1798 943 1849 ob-

145 1871 263 1922 secratio
275 1870 434 1937 baberetur,
456 1886 570 1942 eamque
583 1873 643 1940 ipse
657 1871 842 1923 iuremaximi
851 1874 943 1941 ponti·
998 1913 999 1918 ,

146 1945 205 1998 ficis
217 1949 384 2000 commonito
395 1963 446 2017 pro
458 1949 556 2002 rostris
566 1947 670 2016 populo
682 1947 811 2014 praeiret,
823 1963 942 1999 summo·

145 2027 228 2089 taque
241 2023 431 2091 operariorum
442 2037 636 2090 servorumque
646 2024 738 2074 turba.

201 2097 302 2149 xxiii.
322 2097 423 2150 Rerum
435 2104 538 2163 annun,
550 2097 667 2148 divisum
680 2103 762 2150 antea
770 2097 801 2148 in
811 2095 944 2149 hibernos

146 2172 321 2240 aestivusque
335 2189 454 2236 menses,
476 2173 626 2224 coniunxit.
665 2171 889 2224 iurisdietionem
909 2167 962 2222 de*

143 2244 211 2295 iidei
222 2247 384 2312 commissis,
391 2249 538 2314 qrrotannis
550 2254 576 2299 et
585 2252 692 2300 tantum
702 2247 808 2299 inUrbe
820 2247 942 2315 delegari

145 2319 353 2387 magistratibus
363 2322 484 2387 solitam,
495 2323 695 2392 inperpetuum
706 2329 788 2391 atque
799 2323 885 2374 etiam
895 2338 945 2390 per
1000 2329 1001 2336 ’

146 2395 303 2463 provincias
314 2398 498 2466 potestatibus
510 2397 693 2450 demandavit.
734 2397 827 2468 Capiti
837 2397 944 2466 Papiae

145 2469 228 2536 legis,
248 2487 267 2521 a
277 2471 391 2524 Tiberio
404 2473 521 2544 Caesare
532 2474 653 2538 adiecto,
676 2473 756 2541 quasi
766 2473 944 2540 sexagenarii

143 2553 275 2609 generare
285 2562 341 2599 non
351 2553 472 2616 possent,
484 2549 638 2616 abrogavit.
670 2547 775 2612 Sanxit,
786 2553 817 2598 ut
828 2547 945 2615 pupillis

145 2623 223 2670 extra
234 2621 358 2674 ordinem
368 2628 475 2676 tutores
487 2639 504 2674 a
515 2623 674 2676 consulibus
689 2623 835 2688 darentur,
857 2627 945 2692 utque

144 2687 185 2754 bi,
207 2695 305 2760 quibus
322 2713 338 2747 a
353 2699 560 2767 magistratibus
576 2699 735 2767 provintiae
745 2697 944 2750 interdiceren-

144 2768 201 2829 tur,
221 2769 294 2820 Urbe
318 2787 428 2842 quoqne
448 2781 475 2826 et
494 2773 576 2825 ltalia
596 2779 841 2832 summoverenurr.
881 2772 945 2844 lpse
