2026 3020
110 193 144 245 74
291 231 294 236 .
385 194 411 240 C.
439 185 628 240 susionis

109 319 209 370 tultum
220 319 268 382 iis,
285 317 333 386 qui
344 332 439 368 cavere
449 318 478 366 in
489 316 601 384 duplum
612 322 737 384 possent,
753 313 789 368 ad
801 321 904 369 certum

31 409 38 414 ·
108 401 215 462 tempus
226 391 350 445 indulsit.
390 391 553 444 Senatorum
569 407 678 442 censum
695 393 851 460 ampliavit,
873 409 906 443 ac

109 485 160 537 pro
173 470 392 538 octingentorum
402 467 518 519 millium
530 483 636 518 summa
647 467 794 519 duodecies
806 476 904 519 sester-

107 546 148 610 tio
159 545 278 608 taxavit,
300 543 489 611 supplevitque
505 559 561 594 non
571 541 744 594 habentibus.
784 543 903 610 Congia-

108 620 151 671 ria
161 620 264 687 populo
275 619 431 686 frequenter
446 618 535 682 dedit,
556 618 605 669 sed
619 618 742 671 diversae
757 617 815 670 fere
831 635 903 668 srrrn-

108 711 182 750 mae:
202 693 285 746 modo
298 693 514 760 quadringenos,
531 693 613 744 modo
624 699 763 758 trecenos,
778 709 903 745 nonnun-

109 783 191 836 quam
211 770 331 820 ducenos
356 769 617 836 quinquagenosque
637 785 772 820 nummos.
811 769 851 820 Ac
871 785 904 819 ne

109 845 228 896 minores
240 842 348 910 quidem
359 857 459 910 pueros
470 843 625 909 praeteriit,
644 845 767 912 quamvis
783 859 837 894 non
849 844 906 894 nisi

110 920 144 970 ab
155 919 299 972 undecimo
312 918 410 969 aetatis
421 933 492 969 anno
505 919 629 986 accipere
640 926 825 970 consuessent.
836 917 905 970 Fru-

110 999 229 1046 mentum
245 1009 353 1062 quoque
369 994 397 1044 in
414 1009 540 1044 annonae
555 993 763 1046 difficultatibus
774 1011 857 1062 saepe
868 994 905 1046 le-

109 1071 232 1134 vissimo,
244 1069 380 1120 interdum
390 1069 467 1120 nullo
479 1069 686 1137 pretio,viritim
698 1071 843 1120 admensus
855 1076 905 1135 est,

111 1153 283 1214 tesserasque
293 1145 461 1196 nummarias
473 1144 632 1210 duplicavit.

166 1219 252 1270 Xinl.
265 1218 318 1270 Sed
328 1224 360 1268 ut
369 1218 505 1269 salubrem
516 1220 612 1284 magis,
625 1235 705 1287 quam
718 1219 905 1284 ambitiosum,

111 1297 261 1363 principem
273 1293 371 1358 scires,
383 1298 539 1360 querentem
551 1293 584 1343 de
594 1295 691 1362 inopia
702 1301 729 1347 et
739 1295 856 1346 caritate
867 1297 906 1346 vi-

112 1373 142 1422 ni
153 1369 282 1438 populum
295 1368 468 1420 severissima
479 1369 600 1419 eoc‘rcuit
611 1371 750 1421 oratione:
771 1369 906 1438 satispro-

111 1443 194 1495 niceam
208 1460 225 1494 a
234 1460 332 1514 genero
343 1459 389 1494 cuo
399 1441 532 1513 Agrippa,
549 1443 684 1511 perductis
690 1444 810 1512 pluribus
821 1445 906 1514 aperis,

112 1537 144 1572 ne
154 1519 270 1571 homines
281 1517 394 1570 sitirent.
433 1517 529 1569 Eidem
540 1519 658 1585 populo,
670 1521 836 1588 promissum
848 1522 907 1588 qui-

113 1596 174 1648 dem
190 1595 361 1662 congiarium
376 1593 544 1660 reposcenti,
565 1594 646 1645 bonae
654 1594 725 1663 fidei
736 1611 763 1646 se
779 1611 844 1658 esee,
866 1612 908 1646 re-

113 1670 238 1738 spondit:
258 1685 313 1720 non
324 1669 489 1736 promissum
501 1673 591 1721 autem
602 1669 747 1736 flagitanti,
759 1671 907 1738 turpitudi-

112 1761 173 1796 nem
184 1751 211 1796 et
225 1743 421 1812 impudentiam
434 1743 524 1796 edicto
536 1745 727 1812 exprobravit3
749 1746 907 1809 affirmavit-

113 1836 165 1886 qne
176 1836 205 1870 se
216 1835 271 1870 non
283 1818 409 1869 datiuum
416 1857 423 1882 ,
436 1819 561 1888 quamvis
572 1819 638 1870 dare
650 1819 810 1871 destinarat.
849 1819 908 1871 Nec

112 1897 217 1946 minore
227 1894 363 1962 gravitate
374 1898 455 1961 atque
472 1896 640 1959 constantia,
662 1911 744 1962 qrrum
760 1895 906 1963 proposito

113 1971 255 2037 congiario
278 1967 379 2020 multos
399 1970 582 2020 manumissos
606 1971 780 2039 insertosque
805 1971 906 2022 civium

111 2062 224 2098 nurnero
237 2045 422 2112 comperisset,
434 2044 545 2110 negavit
555 2050 724 2110 accepturos,
733 2045 831 2115 quibus
843 2062 906 2113 pro-

111 2123 224 2172 missum
234 2136 290 2171 non
307 2125 391 2181 esset;
418 2119 568 2184 ceterisque
583 2119 686 2184 minus,
708 2136 789 2189 quam
804 2122 906 2188 promi-

112 2201 197 2258 serat,
210 2194 298 2257 dedit,
314 2200 345 2244 ut
356 2193 493 2244 destinata
503 2208 609 2244 summa
619 2196 763 2248 sufficeret.
802 2195 906 2263 Magna

111 2285 177 2321 vero
189 2268 327 2336 quondam
338 2267 496 2332 sterilitate,
514 2284 547 2318 ac
558 2268 665 2321 difficili
675 2269 811 2335 remedio,
823 2288 905 2341 quum

111 2344 262 2398 venalicias
287 2347 315 2394 ct
337 2342 499 2394 lanistarum
527 2342 662 2409 familias,
692 2347 906 2414 peregrinosque

112 2436 219 2483 omnes,
236 2417 357 2485 exceptis
368 2417 481 2470 medicis
492 2423 519 2468 et
528 2420 766 2488 praeceptoribus,
787 2428 905 2488 partem·

112 2512 164 2564 que
175 2495 352 2547 servitiorum
361 2493 433 2544 Urbe
449 2494 612 2560 expulisset;
634 2500 663 2545 ut
672 2495 782 2547 tandem
794 2512 905 2548 arrnona

113 2571 262 2635 convaluit,
273 2569 397 2638 impetum
408 2585 434 2619 se
445 2568 553 2636 cepisse,
566 2570 673 2633 scribit,
678 2569 905 2640 fruntentats‘onee

10 2695 11 2704 ,
108 2645 227 2712 publicas
247 2645 445 2714 inperpetuum
459 2641 589 2708 abolendi,
612 2645 681 2711 quad
697 2662 787 2698 earum
799 2646 905 2716 fidncia

10 2709 11 2790 l
113 2721 217 2771 cultura
232 2735 358 2789 agrorum
374 2729 501 2772 cessaret:
521 2737 601 2788 nepaes
616 2729 703 2773 tantm
716 2738 904 2790 perseverasse,
