2050 3034
257 231 458 279 conluunt.
494 234 571 281 GAP.
590 235 706 282 26-2o.
827 241 878 291 175

79 358 186 410 catenis
196 357 379 422 verberatum,
390 373 446 410 non
456 359 532 427 prius
544 358 655 423 occidit,
665 374 748 427 quarn
758 360 879 417 offensus

76 431 230 503 putrefacti
240 433 346 484 cerebri
356 433 451 486 odore.
489 433 633 485 Atellanae
643 439 763 501 poetam,
776 437 812 489 ob
824 453 879 490 am-

33 511 38 518 '
77 509 156 576 bigni
166 507 226 558 ioci
235 508 408 573 versiculum,
419 508 511 560 media
521 507 717 577 amphitheatri
728 527 811 563 arena
821 514 880 581 igni

76 583 221 638 cremavit.
255 582 382 650 Equitem
393 585 546 636 Romanum
559 584 696 636 obiectum
707 585 783 653 feris,
796 604 878 656 qnnm

73 677 103 712 se
113 661 290 710 innocentem
302 659 508 726 proclamasset,
520 659 639 726 reduxit,
651 661 815 732 abscisaque
826 663 876 718 lin-

72 750 128 803 goa
138 749 237 786 rursus
246 733 364 786 induxit.

128 807 261 861 XXVlll.
280 809 448 862 Revocatum
470 809 606 878 quendam
627 827 644 862 a
662 819 753 865 vetere
774 815 873 868 exsilio

72 884 247 947 sciscitatus,
269 885 400 951 quidnam
408 885 450 936 ibi
464 884 555 937 lacere
571 894 741 953 consuesset,
760 905 869 958 respon-

73 961 156 1012 dente
167 974 202 1010 eo
213 975 263 1026 per
273 959 469 1023 adulationem,
482 961 541 1011 deos
552 976 651 1026 semper
661 962 743 1024 oravi,
755 973 792 1026 at,
806 967 875 1031 quod

73 1034 168 1096 evenit,
176 1033 283 1102 periret
295 1033 423 1098 Tiberino,
436 1044 463 1085 et
473 1043 501 1085 to
511 1034 671 1102 desperarem
692 1037 807 1102 opinans
820 1040 875 1090 sibi

74 1125 187 1179 quoque
198 1109 306 1161 exsules
318 1126 383 1161 suos
394 1115 510 1161 mortem
520 1110 675 1177 imprecari,
688 1111 763 1162 misit
774 1113 875 1165 circum
952 1163 956 1169 ,

72 1183 196 1248 insulas,
218 1183 266 1252 qui
274 1185 418 1237 universos
431 1185 610 1236 trucidarent.
651 1186 741 1247 Quum
756 1187 876 1257 discerpi

73 1267 232 1310 senatorem
244 1261 425 1327 eonmpisset,
437 1261 607 1324 subornarit,
620 1262 667 1328 qui
677 1262 875 1330 ingredientem

74 1335 195 1398 cirrium,
211 1341 321 1402 repente
332 1334 438 1388 hostem
448 1335 588 1403 publicum
601 1335 782 1403 appellantes,
798 1340 874 1390 inva-

72 1410 183 1473 derent,
206 1409 384 1479 graphiisque
405 1410 564 1462 confossum
585 1412 760 1463 lacerandum
776 1416 873 1466 ceteris

72 1483 224 1536 traderent.
263 1484 321 1537 Nee
332 1492 394 1538 ante
405 1487 522 1537 satiatus
538 1493 591 1550 est,
613 1502 694 1554 quam
709 1489 832 1540 membra
847 1497 874 1541 ct

72 1565 155 1610 artus
167 1565 193 1610 et
201 1561 308 1612 viscera
318 1559 437 1612 hominis
452 1567 542 1612 tracta
556 1577 605 1630 per
620 1562 697 1613 vicos
713 1566 795 1630 atque
811 1571 873 1615 ante

70 1651 102 1687 se
114 1641 246 1701 congesta
254 1635 377 1688 vidisset.

129 1709 233 1761 XXIX.
257 1710 458 1762 immanissima
482 1711 558 1762 facta
583 1714 702 1780 angebat
726 1715 872 1766 atrocitate

72 1786 232 1837 verborum.
271 1784 347 1838 Nihil
359 1787 445 1856 magis
460 1786 488 1836 in
502 1795 600 1837 acturo
615 1803 662 1838 soc
677 1789 785 1840 laudare
800 1805 826 1840 se
840 1805 872 1842 oc

66 1861 186 1928 probare
198 1860 315 1925 dicebat,
327 1878 404 1929 qoam
417 1866 460 1924 (ut
468 1862 556 1928 ipsius
566 1862 650 1912 verbo
661 1865 738 1926 utar)
749 1859 871 1928 ἀδιαιρε-

71 1935 147 1993 ψίαν.
184 1935 310 1987 Monenti
320 1938 456 1989 Antoniae
467 1936 559 1999 aviae,
581 1940 712 2003 tanquam
723 1951 819 2003 parum
831 1953 871 1988 es-

72 2016 115 2062 set
124 2027 182 2063 non
194 2011 320 2077 obedire,
337 2010 481 2074 Memento,
499 2011 551 2074 ait,
573 2010 661 2061 omorio
671 2010 738 2060 arilei
746 2010 774 2062 ιή
785 2027 872 2062 omnes

71 2085 159 2138 licere.
200 2087 400 2140 Trucidaturus
418 2087 546 2150 fratrem,
568 2101 647 2155 quem
666 2091 741 2137 metu
753 2101 870 2139 veneno·
892 2139 895 2144 ,

70 2177 131 2212 rum
143 2163 314 2228 praemuniri
323 2161 530 2214 medicamentis
541 2162 746 2229 suspicabatur,
759 2163 869 2215 Antido-

70 2243 135 2298 tum,
146 2237 246 2305 inquit,
258 2237 380 2288 adversar
392 2237 547 2289 Onesmem?
566 2237 705 2305 Relegatis
716 2240 868 2303 sororibus,

69 2328 122 2362 non
133 2313 216 2362 tolum
225 2311 325 2363 insulas
335 2312 430 2364 holere
441 2327 479 2374 se,
501 2313 547 2364 sed
556 2312 636 2364 etiam
644 2312 761 2382 gladios,
782 2316 869 2364 mina-

69 2387 160 2438 batur.
204 2386 377 2439 Praetorium
401 2388 489 2438 virum
518 2401 551 2438 ex
579 2403 688 2440 secessu
710 2389 867 2456 Anticyras,

70 2477 152 2530 qnam
163 2461 331 2514 valetudinis
341 2477 427 2514 causa
436 2461 562 2530 petierat,
568 2463 720 2531 propagari
729 2465 784 2513 sibi
795 2477 868 2512 com-

68 2535 189 2588 metitum
200 2539 312 2604 saepius
322 2539 536 2601 desiderantem,
558 2553 640 2606 qnnm
654 2537 814 2588 mandasset
826 2537 872 2594 in2

68 2611 170 2677 teriam,
183 2613 298 2677 adiecit,
313 2613 488 2666 neeessariam
499 2626 552 2662 erse
563 2610 700 2679 sanguinis
710 2609 867 2672 missionem,

68 2687 113 2740 etti
122 2697 178 2740 mm
189 2687 235 2738 dia
245 2705 298 2740 noa
303 2689 441 2756 prodeam
450 2685 595 2738 elleborum.
631 2683 746 2735 Decimo
758 2700 868 2754 qnoque

10 2735 17 2867 d
69 2763 123 2829 die,
131 2776 277 2816 numerum
289 2765 489 2831 puniendorum
501 2775 535 2814 ex
546 2759 673 2813 custodia
684 2759 865 2824 subscribens,
