2026 3020
217 212 349 259 rubrus
370 201 528 260 eiusne.
565 211 643 257 car.
662 213 777 258 se-ea.
864 206 898 258 ss

95 335 236 399 ascendit3
258 337 335 388 cuius
346 337 430 388 etiam
444 337 533 388 instar
546 351 598 404 pro
610 336 678 388 aede
686 334 803 388 Veneris
815 333 898 388 Geni-

94 413 175 463 tricis
186 417 285 478 postea
295 412 443 464 dedicavit.

150 503 239 554 LXII.
250 497 415 556 Inclinatam
426 505 513 556 aciem
524 505 600 556 solus
611 520 693 572 saepe
705 502 835 568 restituit,
847 504 895 555 ob-

94 581 196 630 sistens
207 578 390 646 fngientibus,
409 580 583 648 retinensque
594 581 732 648 singulos,
748 585 776 631 et
786 584 896 631 contor-

93 656 129 706 tis
144 653 274 705 faucibus
290 661 451 706 convertens
466 655 495 706 in
509 653 629 707 hostem:
656 661 683 707 et
698 655 808 722 quidem
824 655 894 706 adeo

93 730 254 798 plermnque
265 729 402 796 trepidos,
423 736 456 782 ut
470 730 599 798 aquilifer
609 731 730 782 moranti
740 747 770 782 se
781 730 896 798 cuspide

94 806 131 856 sit
143 805 340 867 comminatum
361 804 433 856 alius
444 805 473 856 in
488 820 572 858 manu
588 805 735 857 detinentis
751 806 896 874 reliquerit
945 859 948 868 ,

95 895 213 948 srgnum.

149 970 250 1023 LXlll.
271 971 334 1023 Non
349 973 458 1023 minora
476 973 527 1022 illa
549 973 721 1025 constantiae
743 975 816 1038 eius,
836 973 893 1026 imo

94 1049 203 1098 maiora
214 1047 298 1099 etiam
308 1046 413 1100 indicia
423 1046 534 1098 fuerint.
573 1046 642 1098 Post
656 1047 744 1098 aciem
754 1045 894 1101 Pharsali·

95 1139 164 1186 cam,
177 1138 261 1190 quurn
272 1123 431 1188 praemissis
446 1123 475 1172 in
485 1122 579 1174 Asiam
592 1123 681 1189 copiis
691 1139 740 1190 per
751 1123 894 1190 angustias

93 1197 272 1264 Hellesponti
281 1197 405 1249 vectoris
415 1197 544 1248 navicula
554 1197 702 1262 traiiceret,
715 1198 745 1248 C.
758 1198 893 1263 Cassium,

93 1273 183 1341 partis
205 1271 350 1336 adversae,
372 1289 433 1324 oum
455 1273 547 1326 decem
568 1275 698 1326 rostratis
712 1275 830 1326 navibus
845 1275 893 1325 ob·

95 1349 169 1399 vium
180 1347 242 1411 sibi¹
254 1363 342 1414 neque
353 1347 467 1414 refugit,
488 1355 515 1399 et
531 1349 655 1400 cominus
669 1349 797 1414 tendens,
817 1350 892 1402 ultro

94 1423 130 1476 ad
140 1423 310 1474 deditionem
321 1420 457 1487 hortatus,
469 1423 621 1492 supplicem
633 1424 668 1476 ad
679 1441 708 1476 se
718 1427 831 1492 recepit.

151 1523 252 1575 LXIV.
272 1524 468 1590 Alexandriae,
491 1525 565 1576 circa
581 1528 815 1594 oppugnationem
825 1543 893 1593 pon·

92 1601 139 1663 tis,
151 1601 297 1667 eruptione
307 1598 427 1651 bostium
439 1601 532 1653 subita
543 1602 702 1668 compulsus
712 1603 741 1654 in
752 1599 892 1668 scapham,

49 1735 53 1742 v
94 1674 220 1741 pluribus
241 1675 338 1727 eodem
352 1677 613 1742 praecipitantibus,
636 1691 719 1744 qrmm
736 1677 894 1729 desiluisset

93 1752 122 1800 in
132 1765 223 1814 mare,
238 1751 331 1802 nando
342 1766 392 1818 per
402 1751 534 1802 ducentos
544 1766 644 1819 passus
655 1752 743 1804 evasit
754 1752 789 1802 ad
799 1753 893 1819 proxi-

94 1839 166 1875 mam
177 1841 284 1889 navem,
291 1826 365 1878 elata
374 1826 463 1888 laeva,
475 1843 509 1876 ne
520 1821 694 1892 libelli,quos
705 1829 825 1892 tenebat,
837 1843 894 1878 ma-

94 1900 240 1962 delierent;
261 1901 484 1967 paludamentum
496 1899 636 1951 mordicus
645 1899 771 1964 trahens,
786 1917 821 1952 ne
832 1917 895 1968 spo-

94 1975 132 2026 lio
144 1976 284 2042 potiretur
293 1974 391 2027 hostis.

151 2066 239 2118 LXV.
259 2067 377 2120 Militem
387 2083 475 2136 neque
491 2083 507 2118 a
522 2067 645 2118 moribus
656 2082 743 2134 neque
755 2081 772 2117 a
782 2065 895 2119 fortuna

94 2143 247 2209 probabat,
269 2133 317 2194 sed
328 2149 434 2194 tantum
450 2159 467 2194 a
480 2143 600 2205 viribus3
624 2143 817 2211 tractabatque
831 2146 894 2212 pari

94 2219 242 2270 severitate
257 2224 339 2286 atque
357 2219 538 2286 indulgentia.
577 2217 641 2270 Non
656 2220 728 2270 enim
742 2221 845 2288 ubique
861 2236 894 2270 ac

94 2308 215 2360 semper,
230 2293 291 2358 sed,
308 2309 391 2361 quum
401 2291 489 2347 hostis
499 2295 528 2346 in
539 2294 666 2363 proximo
678 2300 761 2357 esset,
785 2298 892 2346 cotirac-

92 2369 155 2418 bat:
179 2374 239 2420 tum
259 2369 379 2420 maxime
393 2376 506 2422 exactor
520 2369 699 2436 gravissimos
719 2369 891 2435 disciplinae,

92 2449 124 2494 ut
138 2458 228 2511 neque
243 2444 350 2494 itineris
364 2459 452 2512 neque
467 2443 568 2512 proelii
581 2449 688 2510 tempus
704 2442 890 2504 denunciaret,

93 2517 143 2569 sed
153 2523 282 2585 paratum
293 2524 321 2570 et
330 2520 463 2570 intentum
472 2520 618 2569 momentis
630 2517 766 2580 omnibus,
773 2515 891 2582 quovel·

92 2593 144 2657 let,
167 2593 260 2644 subito
277 2593 413 2645 educeret.
454 2593 536 2653 Quod
551 2594 634 2644 etlam
650 2591 709 2640 sine
729 2605 814 2640 carrea
834 2590 891 2657 ple·

91 2683 210 2736 rumque
224 2666 358 2734 faciebat,
380 2668 527 2735 praecipue
541 2666 643 2732 pluviis
658 2669 685 2714 et
694 2662 773 2714 festis
785 2664 889 2716 diebus.

91 2745 132 2795 Ac
143 2742 260 2794 subinde
271 2759 300 2795 se
312 2741 513 2796 observandum
525 2740 674 2794 admonens
690 2744 800 2805 repente
809 2741 892 2792 inter·

127 2838 274 2886 Susrou.
670 2831 688 2873 c
