2036 3022
14 2655 17 2738 l

272 240 473 296 cinnomus.
510 244 587 294 cur.
606 238 720 296 11-44.
843 239 893 300 223

92 370 230 425 xaudriac
240 369 337 425 Museo
355 372 470 425 alterum
485 371 608 424 additum
624 387 656 424 ex
671 373 758 438 ipsius
768 377 892 436 nomine;

92 448 317 514 institutumque,
339 454 370 499 ut
385 449 533 516 quotannis
547 447 576 498 in
587 448 674 499 altero
687 445 851 515 Τυρῥηνικῶν
860 451 892 501 li·

92 522 150 585 bri,
165 521 195 572 in
206 522 293 574 altero
304 520 520 589 Καρχηδονικῶν,
537 523 633 575 diebus
643 524 768 588 statutis,
778 525 854 576 velut
864 527 892 576 in

93 596 246 661 auditorio,
257 599 437 650 recitarentur
447 599 501 650 toti
512 614 528 648 a
539 597 654 666 singulis
665 599 806 666 pervices.
831 603 833 608 ’

150 668 251 722 XLlll.
273 671 328 724 Sub
340 673 415 724 exitu
429 673 502 724 ritae
517 673 597 740 signa
612 673 759 740 quaedam,
780 690 831 726 nec
842 675 889 726 ob-

91 761 187 810 scura,
209 747 375 814 poenitentis
390 747 424 799 de
438 748 614 799 matrimonio
625 747 792 815 Agrippinae
803 749 891 817 deque

91 821 213 873 Neronis
234 821 383 890 adoptione
403 823 524 874 dederat.
564 822 704 890 Siquidem
727 839 889 876 commemo·

91 897 220 948 rantibus
234 895 354 961 libertis,
376 912 408 948 ac
422 897 600 949 laudantibus
615 899 813 965 cognitionem,
835 915 890 966 qua

91 970 185 1038 pridie
194 970 331 1037 quandam
342 972 472 1023 adulterii
487 987 561 1024 ream
578 971 818 1038 condemnaverat,
839 974 891 1024 sibi

66 1043 69 1046 ’
93 1061 196 1112 quoque
206 1045 311 1116 insciis
321 1063 382 1109 ecce,
393 1048 517 1110 lactavit,
530 1045 618 1096 onznia
628 1045 772 1111 impudico,
783 1049 829 1097 ced
838 1065 890 1098 lton

92 1119 223 1188 impunita
238 1120 415 1172 matrimonia.
455 1121 491 1172 Et
505 1120 620 1171 subinde
636 1119 746 1170 obvium
762 1122 816 1172 sibi
829 1122 890 1174 Bri·

91 1196 233 1247 tannicum
246 1197 331 1247 artius
342 1195 509 1263 complexus,
521 1193 646 1246 hortatus
658 1201 743 1258 est,ut
754 1207 888 1259 cresceret,

91 1270 274 1337 rationemque
285 1287 302 1321 c
312 1285 338 1322 se
348 1270 607 1341 cuculumsuctorum
617 1269 759 1335 occiperet,
783 1269 890 1321 Graeca

90 1347 205 1413 insuper
214 1361 282 1396 voce
292 1351 461 1412 prosecutus,
474 1339 487 1392 ὁ
499 1339 598 1410 τρώσας
609 1339 770 1394 ualidorum.
789 1346 890 1406 Quum.

91 1435 144 1488 que
154 1420 262 1488 impubi
271 1426 419 1487 teneroque
430 1417 528 1483 adbuc,
541 1419 650 1487 quando
662 1425 768 1470 statura
778 1422 888 1487 permit-

88 1500 170 1560 teret,
180 1501 275 1562 togam
287 1495 353 1547 dare
364 1495 540 1558 destinasset,
553 1495 666 1545 adiecit:
687 1503 719 1567 ut
729 1495 833 1545 tandem
839 1511 887 1561 po-

84 1572 167 1639 pulus
176 1569 311 1620 Romanus
321 1585 410 1621 omum
422 1570 561 1621 L'uesurem
571 1568 675 1620 babeat.

146 1643 249 1696 XLIV.
269 1644 331 1696 Non
352 1645 492 1712 multoque
512 1651 576 1711 post
594 1649 787 1696 testamentum
803 1643 887 1695 etiam

91 1720 272 1786 conscripsit,
294 1735 326 1770 ac
340 1721 427 1787 signis
447 1721 567 1770 onmium
582 1719 792 1786 magistratuum
814 1718 886 1770 obsi·

89 1795 195 1864 gnavit.
207 1794 287 1844 Prius
298 1795 391 1861 igitur,
404 1808 485 1861 quam
495 1794 569 1843 ultra
579 1793 798 1861 progrederetur,
809 1809 887 1861 prae-

88 1876 188 1922 ventus
208 1873 250 1921 cst
270 1870 304 1920 ab
319 1869 482 1936 Agrippina,
504 1881 584 1935 quam
600 1873 707 1934 praeter
721 1863 801 1930 haec,
824 1883 887 1920 con-

88 1945 208 1997 scientia
218 1959 340 2013 quoque,
360 1959 411 1994 nec
425 1942 514 1993 minus
530 1941 666 1993 delatores
677 1941 825 1992 multorum
836 1941 887 1992 cri-

88 2021 194 2072 minum
206 2020 365 2086 arguebant.
403 2017 440 2068 Et
454 2031 557 2068 veneno
570 2016 680 2083 quidem
691 2015 811 2067 occisum
823 2031 886 2067 con-

88 2096 178 2158 venit3
198 2095 247 2146 ubi
259 2101 348 2145 autem
360 2099 387 2144 et
397 2109 445 2162 per
456 2109 535 2160 quem
547 2091 622 2155 dato,
633 2091 780 2157 discrepat.
820 2091 886 2152 Qui-

89 2171 152 2221 dam
163 2169 290 2233 tradrmt,
305 2167 429 2236 epulanti
437 2168 467 2218 in
478 2183 540 2219 arce
552 2183 612 2218 cum
623 2166 826 2231 sacerdotibus,
837 2182 887 2234 per

88 2245 223 2297 Halotum
234 2243 393 2311 spadonem,
404 2248 651 2309 praegustatorem:
664 2241 721 2304 alii,
733 2241 884 2293 domestico

89 2321 217 2372 convivio
223 2358 230 2384 ,
247 2335 296 2386 per
306 2320 395 2386 ipsam
405 2317 595 2385 Agrippinam,
618 2331 688 2383 quae
698 2317 818 2368 boletum
830 2331 884 2366 me-

88 2395 211 2446 dicatum
223 2394 384 2445 avidissimo
397 2393 520 2444 ciborum
529 2392 628 2442 talium
634 2391 780 2442 obtulerat.
792 2389 883 2440 Etiam

89 2470 123 2522 de
138 2469 370 2536 subsequentibus
385 2467 493 2517 diversa
506 2466 581 2517 lama
596 2472 645 2518 est.
683 2464 768 2515 Multi
780 2465 883 2527 statim,

89 2543 189 2596 hausto
209 2558 327 2606 veneno,
350 2541 519 2594 obmutuisse
533 2542 622 2604 aiunt,
644 2540 883 2606 excruciatumque

87 2620 234 2672 doloribus
244 2623 325 2670 nocte
335 2623 408 2682 tota,
430 2614 562 2667 deiecisse
576 2629 662 2681 prope
673 2613 769 2663 lucem.
808 2612 884 2663 Non.

85 2695 158 2748 nulli
171 2695 244 2746 inter
257 2693 340 2744 initia
354 2691 539 2759 consopitum,
559 2687 658 2739 deinde
679 2687 741 2738 cibo
757 2686 883 2739 affluente

87 2770 242 2828 evomuisse
264 2769 370 2836 omnia,
391 2767 591 2836 repetitumque
610 2761 719 2828 toxico,
740 2763 881 2834 incertum,
