2026 3020
95 247 151 311 ,aa
391 247 417 292 c.
445 243 640 319 sacrorum

119 372 231 439 perenni
243 371 408 439 opprobrio,
421 368 493 422 etad
505 369 625 420 oninium
637 367 762 420 convicia
773 367 913 438 exposito.
1004 375 1005 378 ’

119 447 222 499 Omitto
236 447 315 498 Calvi
324 445 427 497 Licinii
436 445 596 495 notissimos
606 458 713 494 versus:

395 519 526 588 Bithynia
536 517 661 586 quicquid

193 595 232 648 Et
237 596 394 662 paedieatue
406 594 527 646 Caesaris
537 609 652 660 cupream
662 592 763 644 hahuit.

117 677 260 742 praetereo
272 672 395 722 actiones
406 669 571 722 Dolabellae
587 675 614 720 et
625 669 753 724 Cruionis
767 669 869 736 patris,
880 671 910 722 in

118 747 217 815 quibus
228 761 289 797 cum
300 741 449 797 Dolabella
459 744 577 812 pellicem
591 743 712 813 reginae,
733 745 858 810 spondam
869 745 908 796 in-

117 821 239 874 teriorem
249 820 339 889 regiae
350 819 468 883 lecticae,
485 826 515 870 at
525 821 608 870 Curio
620 819 749 870 stabulum
760 817 909 871 Nicomedis

116 894 323 962 ctBithyaicam
331 894 466 966 fornicem
481 895 583 946 dicunt.
621 893 709 944 Missa
730 894 812 946 etiam
832 895 907 946 focio

115 971 206 1024 edicta
215 969 318 1035 Bibuli,
331 972 430 1038 quibus
440 970 604 1038 proscripsit
614 968 747 1036 collegam
759 985 846 1034 strum,
858 969 907 1020 Bi-

116 1045 249 1115 thyaicam
263 1045 398 1114 reginam:
428 1046 501 1112 eique
519 1060 608 1114 regem
623 1051 701 1095 antea
715 1043 803 1114 faisse
824 1045 906 1107 cardi,

115 1139 184 1174 nanc
198 1135 251 1172 esee
264 1137 384 1189 regnam.
425 1122 485 1182 Quo
501 1127 636 1186 tempore,
657 1124 688 1169 ut
697 1119 736 1168 M.
748 1119 850 1170 Brubrs
865 1135 907 1171 re-

114 1197 175 1259 fert,
189 1197 319 1246 Octavius
331 1197 414 1246 etiam
425 1196 550 1261 quidam,
561 1193 718 1244 valetudiue
729 1196 827 1245 aseritis
839 1195 907 1246 libe-

114 1273 171 1322 rius
184 1271 280 1334 dicax,
302 1275 441 1321 conventu·
449 1270 569 1319 inaximo
569 1283 668 1351 'qrurm
683 1268 843 1334 Pompeium
864 1285 907 1321 re·

114 1363 174 1412 gom
189 1345 366 1412 appellasset,
387 1345 475 1410 ipsum
491 1344 613 1410 reginam
629 1343 768 1392 salutavit.
808 1344 863 1395 Sed
874 1347 905 1396 C.

114 1421 258 1472 Memmius
269 1421 351 1471 etiam
364 1419 398 1470 ad
410 1417 539 1486 cyathum
554 1423 581 1469 et
594 1419 686 1468 vinum
697 1417 843 1469 Nicomedi
854 1425 907 1472 ste-

113 1496 179 1546 tisse
191 1495 305 1558 obiecit,
327 1509 388 1545 cum
398 1493 512 1560 reliquis
523 1493 651 1555 exoletis,
672 1493 753 1559 pleuo
767 1495 906 1558 convivio,

114 1571 312 1622 accubantibus
322 1569 462 1620 nonnullis
472 1569 577 1619 urbicis
587 1569 821 1634 negotiatoribus,
838 1585 906 1636 quo-

113 1662 172 1696 rum
184 1646 268 1696 refert
277 1645 399 1696 nomina.
439 1644 535 1695 Cicero
546 1657 626 1706 vero,
647 1658 703 1694 non
719 1649 863 1696 contentus
877 1646 907 1696 in

114 1720 277 1787 ‹pribusdam
288 1718 414 1786 cptistolis
426 1719 582 1785 scripsisse,
599 1733 616 1768 a
626 1718 792 1770 satellitibus
804 1736 866 1772 erim
876 1722 908 1770 io

114 1795 267 1846 cubiculum
283 1796 388 1862 regium
407 1795 546 1858 eductum,
567 1794 596 1844 in
618 1809 701 1844 atrreo
723 1794 808 1858 lecto,
830 1802 907 1848 veste

113 1865 251 1938 purpurea
271 1869 445 1933 decubuisse,
471 1869 620 1936 floremque
641 1869 739 1919 aetatis
762 1885 778 1919 a
797 1869 906 1923 Venere

114 1946 180 2009 orti,
195 1946 223 1995 in
234 1943 367 2012 Bithynia
378 1945 605 2008 contaminatum,
625 1945 763 2011 quondam
778 1946 862 1996 etiam
877 1948 907 1997 iu

113 2027 210 2072 senatu
225 2020 381 2072 defendenti
391 2019 485 2087 Nysae
501 2033 624 2081 causam,
646 2019 720 2069 filiae
734 2019 905 2085 Nicomedis,

112 2095 298 2161 beneficiaque
308 2097 380 2160 regis
391 2095 420 2144 io
431 2111 460 2145 sc
471 2093 708 2157 commemorasti,
724 2092 848 2156 Remove,
865 2097 907 2146 io·

113 2172 180 2236 quit,
191 2169 281 2231 istaec,
294 2185 339 2218 ora
351 2179 392 2229 te,·
413 2169 516 2234 pacanda
528 2177 616 2218 aotam
627 2176 673 2230 est,
686 2176 713 2218 et
722 2168 786 2234 qaid
793 2168 836 2220 iile
848 2171 906 2233 tihi,

113 2253 138 2294 et
149 2241 299 2308 quiditate
310 2243 417 2292 dederis.
459 2241 567 2293 Gallico
580 2243 696 2310 denique
705 2243 845 2310 triumpho
857 2247 908 2295 mi-

114 2319 175 2370 lites
186 2319 245 2369 eius
255 2318 327 2368 iuter
338 2323 428 2368 cetera
440 2318 573 2382 carmina,
587 2318 681 2384 qualia
692 2331 800 2368 currum
812 2335 908 2386 prose·

114 2400 226 2460 quantes
236 2391 398 2444 ioculariter
409 2398 521 2456 canum,
542 2394 624 2444 etiam
639 2393 859 2460 vulgatissimum
874 2395 909 2447 il-

113 2469 161 2519 lud
172 2469 432 2534 pronunciaverunt:
757 2479 763 2492 ·

152 2543 253 2594 Gallias
265 2541 364 2594 Caesir
374 2542 485 2611 subegit,
498 2541 650 2596 Nicomedes
662 2541 809 2595 Cae'earem.

87 2675 90 2682 ‚
151 2609 224 2680 ticce,
239 2618 336 2669 Caesar
347 2616 415 2669 ariae
426 2617 578 2686 triumphat,
592 2619 640 2686 qai
648 2619 752 2688 subegit
763 2619 879 2672 Gillias:

153 2689 306 2744 Nicomedes
316 2692 368 2744 adn
379 2692 532 2760 triurnphat
545 2695 593 2761 qai
601 2693 706 2763 subegit
716 2694 865 2746 Caesarem.

170 2763 204 2815 L.
224 2766 344 2819 Pronum
365 2773 392 2818 ct
411 2775 599 2838 sumptuosum
619 2771 647 2824 in
663 2769 791 2822 libidines
811 2770 909 2837 fuisse,
