2044 3028
214 269 465 318 boutrrnuus.
502 272 581 317 cnr.
600 272 717 318 13-16.
814 269 882 340 335,

63 397 164 470 gisset,
181 394 296 448 trabeati
310 403 337 448 et
347 411 405 448 eum
415 395 499 448 lasne
508 395 666 448 militaribus
676 399 865 465 praecederent

66 491 145 536 earn,
167 472 237 524 inter
256 472 360 524 lictores
379 471 601 538 apparitoresque.
641 472 777 538 Tempore
797 489 862 525 vero

66 549 189 616 suspecti
199 548 316 615 periculi
327 549 576 615 appropinquante,
592 545 739 599 sollicitior
752 549 781 598 in
792 549 862 614 dies,

66 625 237 692 porticuum,
252 624 281 672 in
296 618 395 690 quibu's
410 621 527 689 spatiari
542 629 732 688 consueverat,
743 624 862 690 parietes

66 699 197 768 phengite
207 697 299 766 lapide
310 698 448 759 distinxit,
465 713 482 746 a
493 697 570 748 cuius
581 697 726 766 splendore
736 715 785 767 per
794 700 862 750 ima-

67 776 158 841 gines,
175 773 305 840 quicquid
320 789 334 824 e
349 779 426 839 tergo
438 773 525 836 lieret,
537 773 701 840 provideret.
741 774 798 828 Nec
807 775 863 826 nisi

68 853 173 900 secreto
189 853 276 914 atque
296 849 372 899 solus
392 847 536 915 pleresque
558 848 715 913 custodias,
746 852 862 917 receptis

69 923 178 992 quidem
193 923 223 972 in
238 938 347 974 manum
363 923 479 986 catenis,
492 923 630 974 audiebat.
670 917 759 991 thue
770 925 861 976 dome-

69 999 147 1050 sticis
161 998 349 1064 persuaderet,
365 1015 399 1050 ne
414 999 488 1049 bono
500 999 609 1064 quidem
625 998 748 1067 exemplo
761 1000 861 1050 auden-

69 1075 132 1126 dum
152 1089 211 1124 esse
229 1075 341 1140 patroni
358 1089 463 1136 necem,
487 1072 707 1141 Epaphroditum
727 1089 744 1124 a
761 1074 863 1126 libellis

11 1209 12 1220 γ
68 1149 186 1216 capitali
194 1163 283 1215 poena
295 1149 492 1213 condemnavit,
500 1150 573 1216 quod
584 1154 648 1216 post
658 1149 863 1201 destitutionem

66 1225 93 1276 N
95 1239 143 1276 ero
153 1225 183 1274 in
194 1223 371 1291 adipiscenda
381 1229 468 1274 morte
482 1239 566 1273 manu
576 1225 634 1274 eius
649 1224 759 1276 adiubrs
770 1225 862 1276 existi·
897 1219 898 1228 ’

67 1301 204 1350 mabatur.

124 1373 186 1425 XV.
206 1373 331 1441 Denique
360 1373 485 1424 Flavium
516 1373 680 1425 Clementem
709 1376 860 1442 patruelem

67 1466 162 1514 surim,
176 1449 424 1516 contemptissimae
439 1449 568 1512 inertiae,
586 1451 662 1500 cuins
677 1450 763 1515 tilios,
779 1453 862 1503 etiam

11 1575 12 1578 ,
66 1533 127 1577 tum
145 1525 285 1592 parvulos,
306 1540 478 1576 successores
498 1525 591 1592 palam
612 1525 803 1590 destinaverat,
826 1534 860 1590 et,

11 1591 12 1628 ³
68 1601 176 1653 abolito
192 1601 284 1666 priore
297 1601 420 1664 nomine,
433 1600 548 1650 alterum
558 1599 760 1667 Vespasianum
770 1603 861 1669 appel-

67 1677 123 1728 lari
133 1677 259 1739 iusserat,
266 1675 380 1726 alterum
391 1675 589 1739 Domitianum,
596 1682 706 1743 repente
717 1692 750 1728 ex
760 1678 860 1728 tenuis·

68 1753 140 1802 sima
154 1751 309 1818 suspicione
323 1755 429 1801 tantum
444 1765 499 1800 non
513 1751 542 1800 in
561 1751 622 1818 ipso
638 1752 696 1802 eius
718 1752 862 1804 consulatu

11 1821 12 1856 ³
67 1827 214 1878 interemit.
240 1827 301 1886 Quo
312 1825 430 1876 niaxime
440 1823 515 1875 facto
527 1827 675 1877 nrauuavit
684 1827 739 1877 sibi
749 1829 859 1878 exitum.

69 1902 213 1952 Continuis
230 1906 292 1952 octo
308 1901 445 1952 mensibus
460 1905 503 1950 tot
516 1898 626 1966 fulgura
635 1900 710 1950 facta
720 1903 860 1952 trunciata·

11 2015 12 2048 3
68 1993 120 2044 qne
135 1982 210 2040 sunt,
225 1982 257 2026 ut
270 1975 481 2027 exclamaverit:
504 1972 601 2025 Feriat
611 1973 679 2036 iarn,
696 1991 771 2041 quem
785 1978 859 2026 volet.

11 2073 12 2076 ¹
67 2054 183 2102 'l'actnm
206 2051 239 2102 de
260 2051 336 2102 coelo
359 2050 526 2118 Capitolium
546 2050 729 2117 templumque
747 2050 861 2102 Flaviae

66 2128 156 2194 gentis
167 2142 175 2189 ;
194 2126 259 2177 item
280 2127 377 2177 domus
388 2125 524 2189 Palatina,
546 2131 573 2176 et
587 2124 741 2177 cubiculum
754 2126 860 2193 ipsius:

67 2208 149 2270 atque
160 2203 244 2252 etiam
254 2217 268 2252 e
279 2201 341 2252 basi
355 2207 462 2252 statuae
475 2197 649 2268 triumphalis
659 2199 755 2252 titulus
767 2215 860 2252 exous·

66 2293 113 2328 sus
124 2278 153 2328 vi
167 2275 305 2344 procellae
318 2277 348 2330 iu
362 2282 565 2328 monumentum
578 2277 733 2344 proximum
749 2276 859 2329 decidit.

65 2352 168 2416 Arbor,
185 2366 255 2419 quae
269 2353 376 2419 privato
393 2350 482 2402 adhuc
495 2351 665 2419 Vespasiano
687 2367 781 2404 eversa
801 2367 859 2402 sur-

65 2433 189 2491 rexerat,
204 2433 269 2478 tunc
288 2444 382 2480 rursus
401 2433 511 2494 repente
528 2428 642 2478 ¹corruit.
681 2427 860 2479 Praenestina

65 2503 200 2566 Fortuna,
211 2508 271 2554 toto
282 2503 391 2571 imperii
401 2503 491 2578 spatio
504 2518 602 2553 annum
613 2517 713 2554 nemim
725 2518 858 2554 commen-

67 2579 146 2630 danti
160 2579 261 2629 laetam
277 2577 443 2646 eandemque
458 2594 563 2644 semper
577 2583 679 2629 sortem
690 2579 756 2630 dare
767 2592 858 2631 assue-

66 2659 108 2718 ta,
121 2659 242 2705 extremo
253 2654 438 2704 tristissimam
448 2653 576 2718 reddidit,
588 2668 638 2703 nec
648 2654 706 2705 sine
717 2655 859 2722 sanguinis

11 2783 12 2796 .
66 2729 213 2780 ntentione.
256 2728 420 2792 Minervam,
437 2744 517 2794 quam
532 2729 721 2794 superstitiose
737 2729 857 2795 colebat,

11 2801 12 2836 l
66 2803 216 2856 sonrniavit
225 2803 354 2856 excedere
364 2805 496 2868 sacrario,
507 2803 739 2870 negantem,ultra
748 2821 778 2857 se
786 2807 858 2858 tueri
