2050 3034
126 219 159 279 tt
404 225 429 277 c.
455 225 643 278 suuronu

57 395 60 406 .
126 360 177 419 ret,
189 369 222 406 ac
231 354 315 406 modo
326 354 464 419 tonderet,
480 356 563 407 modo
575 355 684 406 raderet
693 353 822 416 barbam,
835 363 931 424 eoque

124 429 188 497 ipso
199 435 321 498 tempore
333 437 380 482 aut
391 431 494 497 legeret
509 430 615 498 aliquid
628 430 768 480 autetiam
780 429 929 481 scriberet.

124 503 211 556 Vultu
221 512 289 569 erat,
294 506 338 556 vel
346 507 376 556 in
387 521 511 557 sermone
522 506 566 556 vel
575 506 684 569 tacitus,
692 504 762 555 adeo
769 505 927 574 tranquillo

123 594 287 648 serenoque,
308 587 339 631 ut
352 581 464 648 quidam
479 597 494 631 e
509 579 676 647 primoribus
689 578 845 631 Galliarum
857 594 926 629 con-

122 653 212 707 fessus
222 656 259 705 sit
268 655 340 706 iuter
351 671 430 719 suos,
452 671 484 706 eo
501 671 530 707 se
540 653 686 705 inhibitum
699 669 732 705 ac
741 654 925 717 remollitum,

123 745 177 798 quo
189 730 292 793 minus,
303 735 335 780 ut
345 730 497 781 destinarat
503 769 510 794 ,
521 732 550 780 in
560 731 680 780 transitu
690 729 812 797 Alpium,
824 745 876 796 per
886 731 924 779 si-

121 804 300 855 mulationem
316 804 451 872 colloquii
466 806 580 872 propius
601 805 749 867 admissus,
770 804 799 853 in
814 805 924 872 praeci-

120 879 219 946 pitium
229 879 404 947 propelleret.
437 880 540 930 Oculos
550 877 648 929 habuit
659 879 750 930 claros
761 893 794 928 ac
803 879 922 943 nitidos,

122 954 222 1020 quibus
238 955 321 1005 etiam
336 955 491 1005 existimari
505 954 617 1006 volebat
631 955 720 1004 inesse
735 954 868 1020 quiddam
879 954 922 1004 di-

120 1029 178 1078 vini
192 1030 310 1095 vigoris;
334 1030 539 1098 gaudebatque,
561 1029 587 1079 si
601 1030 662 1098 quis
677 1029 732 1079 sibi
747 1029 838 1079 acrius
855 1045 922 1080 con-

120 1106 217 1168 tuenti,
229 1105 310 1172 quasi
321 1104 355 1154 ad
366 1104 503 1171 fulgorem
514 1105 595 1168 solis,
606 1104 711 1154 vultum
723 1104 920 1154 summitteret:

120 1179 168 1230 sed
179 1181 208 1229 in
219 1185 329 1230 senecta
340 1179 453 1230 sinistro
464 1181 554 1228 minus
564 1178 643 1229 vidit,
683 1177 786 1230 Dentes
799 1193 881 1229 raros
892 1188 921 1229 et

119 1255 237 1320 exiguos
249 1259 275 1304 at
285 1254 412 1316 scabros3
434 1253 563 1321 capillum
574 1252 672 1305 leniter
682 1253 812 1305 inflexum
823 1260 851 1305 et
861 1253 919 1304 sui-

118 1327 234 1390 ssavum;
254 1329 403 1396 supercilia
414 1330 574 1390 coniuncta3
595 1329 746 1380 mediocres
758 1344 853 1390 aurcs;
869 1345 918 1379 ua-

118 1418 178 1452 sum
195 1408 222 1453 et
237 1418 254 1452 a
267 1419 373 1454 summo
389 1405 595 1455 eminentiorem
612 1408 639 1454 et
654 1402 688 1454 ab
704 1404 760 1455 imo
773 1404 918 1455 deductio-

118 1493 188 1540 rem;
214 1476 335 1530 colorem
355 1479 427 1529 inter
446 1479 569 1546 aquilum
588 1478 803 1546 candidumque3
829 1485 917 1531 statu-

117 1567 177 1604 ram
192 1553 301 1606 brevem
317 1557 412 1621 (quam
427 1560 519 1604 temen
529 1553 615 1605 lulius
626 1552 783 1617 Marathus,
799 1554 916 1605 libertus

118 1635 146 1680 et
156 1644 173 1677 a
182 1629 316 1679 memoria
326 1629 394 1692 eius,
400 1629 521 1697 quinque
532 1628 631 1695 pedum
642 1635 669 1679 et
679 1629 823 1682 dodrantis
829 1629 915 1681 fuisse

118 1703 229 1766 tradit),
242 1703 290 1753 sed
301 1718 371 1769 quae
384 1703 580 1755 commoditate
591 1710 618 1755 et
628 1705 768 1771 aequitate
778 1705 914 1756 membro-

116 1792 177 1828 rum
189 1777 372 1842 occuleretur,
392 1785 423 1829 ut
437 1779 549 1830 nonnisi
559 1793 593 1832 ex
604 1779 811 1847 comparatione
823 1786 913 1832 astan-

116 1853 153 1903 tis·
164 1852 282 1904 alicuius
292 1853 460 1922 procerioris
470 1854 589 1921 intelligi
598 1859 701 1923 posset.

172 1925 286 1979 LXXX.
318 1930 440 1998 Corpore
460 1930 581 1980 traditur
599 1929 756 1993 maculoso,
782 1930 912 1998 dispersis

116 2020 165 2072 per
175 2009 270 2072 pectus
281 2010 363 2072 atque
374 2005 464 2056 alvum
475 2006 604 2072 genitivis
613 2006 699 2070 notis,
721 2005 749 2054 in
763 2005 874 2056 modum
885 2012 912 2056 et

117 2079 241 2130 ordinem
253 2095 286 2130 ac
295 2095 437 2131 nnmerum
453 2078 594 2130 stellarum
605 2080 732 2132 coelestis
743 2080 844 2143 Ursae;
864 2081 910 2131 red

117 2160 144 2202 et
154 2152 232 2202 callis
244 2154 422 2220 quibusdam,
443 2169 477 2204 ex
491 2154 631 2221 prurigine
649 2156 774 2222 corporis
786 2155 910 2205 assiduo-

117 2241 169 2292 que
181 2231 208 2276 et
216 2225 370 2278 vehementi
380 2227 496 2294 strigilis
510 2243 562 2278 usu
576 2229 749 2296 plurifariam
766 2230 908 2293 concretis,
991 2271 992 2282 ,

117 2302 153 2352 ad
171 2301 340 2369 impetiginis
360 2302 486 2354 formam.
527 2303 682 2355 coxendice
706 2310 734 2355 et
756 2304 860 2356 femore
884 2313 910 2355 et
990 2365 991 2376 γ

117 2391 195 2427 crure
210 2377 322 2429 sinistro
341 2393 397 2429 non
415 2377 527 2446 perinde
542 2379 666 2442 valebat,
686 2385 717 2429 ut
731 2395 813 2448 saepe
829 2380 908 2431 etiam
989 2431 990 2444 2

116 2452 180 2502 inde
191 2452 372 2516 claudicaret;
389 2453 437 2504 sed
448 2453 569 2504 remedio
582 2469 725 2505 arenarum
737 2460 820 2524 atque
831 2469 907 2505 aum·
989 2445 990 2465 ¹

117 2526 210 2576 dinnm
231 2519 454 2580 confirmabatur.
494 2527 615 2580 Dextrae
635 2545 744 2597 quoquc
758 2545 855 2580 manus
870 2529 907 2579 di-

116 2602 203 2665 gitum
214 2603 363 2656 salutarem
372 2610 429 2655 tam
441 2604 609 2656 imbecillum
619 2605 756 2656 interdum
768 2605 907 2669 sentiebat,

116 2681 148 2724 ut
161 2682 314 2744 torpentem
330 2686 555 2748 contractumque
570 2679 674 2746 frigore
687 2681 734 2730 vix
751 2682 844 2731 cornei
859 2681 907 2731 cir-

117 2749 172 2804 tuli
183 2753 371 2822 supplemento
384 2758 536 2828 scripturae
548 2755 714 2812 admoveret.
741 2756 858 2820 Questus
868 2761 908 2810 ett
