2026 3020
210 257 339 326 lomus
367 256 523 317 clusin.
562 265 636 316 cae.
658 268 774 316 u-eo.
857 265 889 319 u

81 392 206 444 lantiam
222 392 345 443 affectati
359 394 442 444 etiam
457 393 528 460 regii
546 394 666 444 nonduin
687 393 823 445 discutere
841 409 889 445 va·

83 467 154 530 luit;
177 483 334 536 quanquam
349 474 377 518 et
391 469 466 535 plebi
480 483 570 535 regem
587 485 616 520 se
631 469 775 532 salutanti,
793 467 888 519 Caeso-

81 559 142 594 rem
154 558 191 602 se,
204 560 253 593 uon
265 559 354 611 regem
365 559 430 606 esse,
443 545 628 610 responderit,
641 551 668 595 et
678 543 887 610 Lupercalibus,

82 633 137 685 pro
154 618 255 668 rostris
271 632 288 667 a
304 619 419 676 consule,
427 619 547 670 Antonio
564 619 705 670 admotum
721 619 831 686 saepius
843 633 886 668 ca-

83 694 139 759 piti
150 709 203 743 suo
215 693 343 744 diadema
353 692 497 760 repulerit,
516 701 598 760 atque
607 695 637 744 in
648 694 816 761 Capitolium
827 693 887 744 lovi

84 768 201 834 Optimo
217 767 342 819 Maximo
363 769 477 819 miserit.
517 769 591 830 Quin
611 770 693 820 etiam
713 770 792 820 varia
811 767 887 818 lama
922 817 926 826 ,

82 843 253 909 percrebuit,
259 842 438 908 migrandum
445 843 636 894 Alexandriam
648 844 785 908 velllium,
796 849 885 894 trans-

83 918 151 967 latis
163 917 247 968 simul
259 918 358 986 opibus
374 919 495 986 imperii,
518 916 705 985 exhaustaque
716 919 798 969 ltalia
813 918 885 970 dele-

83 994 186 1056 ctibus,
199 998 226 1044 et
236 994 432 1060 procuratione
443 994 525 1044 Urbis
541 995 637 1044 amicis
653 995 799 1059 permissa:
821 1009 884 1060 pro·

81 1070 159 1118 ximo
177 1073 269 1119 autem
285 1075 382 1120 senatu
393 1067 425 1119 11·
440 1068 550 1119 Cottam
565 1068 809 1135 quindecimvirum
824 1083 884 1117 sen-

10 1151 16 1171 '
82 1144 200 1194 tentiam
212 1143 358 1207 dicurnrm,
369 1149 408 1206 ut,
421 1142 552 1212 quoniam
564 1143 643 1193 libris
653 1141 786 1193 fatalibus
798 1142 884 1192 coriti-

81 1223 208 1282 ueretur,
224 1215 343 1269 Parthos
354 1219 408 1269 nisi
419 1235 435 1268 a
447 1233 509 1284 rege
519 1233 575 1268 nou
586 1233 667 1286 posse
677 1218 764 1281 vinei,
782 1217 884 1267 Caesar·

82 1309 131 1343 rex
143 1293 339 1360 appellaretur.
532 1300 534 1304 '

138 1375 255 1426 LXXX.
278 1376 355 1436 erae
377 1391 462 1428 causa
482 1376 633 1427 coniuratis
654 1375 811 1426 maturandi
832 1374 884 1425 luit

84 1451 225 1500 destinata
235 1453 356 1517 negotia,
368 1468 401 1502 ne
413 1452 541 1502 assentiri
551 1467 660 1503 necesse
672 1457 752 1502 esset.
788 1451 884 1501 Consi-

83 1526 122 1575 lia
131 1526 220 1592 igitur
231 1525 376 1592 dispersim
388 1532 469 1577 autea
480 1525 588 1590 habita,
610 1532 637 1576 ct
652 1541 722 1592 quae
732 1541 814 1592 saepe
825 1527 884 1575 bini

83 1603 190 1652 terniue
201 1607 338 1668 ceperant,
350 1602 379 1654 in
389 1617 472 1652 unrrm
486 1618 579 1653 omues
592 1601 778 1662 contuleruut:
790 1616 823 1650 ue
834 1615 882 1666 po-

84 1676 149 1743 pulo
163 1675 273 1743 quidem
284 1677 340 1726 iam
351 1677 490 1744 praesenti
500 1683 575 1730 statu
587 1677 673 1740 laeto,
690 1675 736 1726 sed
754 1674 823 1726 clam
835 1689 882 1740 pa·

84 1751 194 1818 lamque
206 1751 374 1802 detrectante
385 1751 615 1816 dominationem,
637 1759 719 1818 atquc
730 1756 882 1801 assertores

84 1819 237 1892 flagitante.
277 1823 433 1894 Peregrinis
447 1828 475 1876 iu
491 1833 614 1878 senatum
631 1827 750 1889 allectis,
773 1824 882 1876 libellus

85 1903 246 1969 propositus
257 1906 310 1954 est:
330 1901 560 1972 Bonumfcctum,
581 1917 613 1952 ne
624 1901 681 1966 quis
692 1899 808 1951 senatori
818 1915 882 1951 noco

85 1975 187 2026 cariam
197 1983 345 2028 steenstrore
355 1975 434 2037 oelit;
454 1981 481 2026 ct
491 1976 541 2026 illa
551 1975 633 2042 vulgo
647 1976 826 2026 canebantur:

106 2084 195 2136 Gillos
207 2085 345 2138 Caesario
356 2083 517 2153 triumphum
528 2083 609 2145 ducit,
621 2083 689 2134 idem
700 2081 728 2133 iu
738 2081 849 2134 adriam.

107 2159 179 2212 Gaui
187 2161 282 2212 bracas
293 2161 472 2228 deposuerunt,
484 2159 568 2212 ideam
578 2161 677 2210 clavam
689 2158 861 2226 erlrrpserunt.

89 2271 121 2332 Q.
134 2270 261 2321 Maximo
278 2269 394 2322 suffecto
408 2271 596 2338 trimestriquc
612 2271 725 2322 consule
744 2269 881 2322 theatrum

88 2347 257 2409 introeunte,
280 2362 361 2414 qsrrrm
380 2347 464 2398 lictor
484 2346 667 2397 animadverti
681 2361 714 2397 ex
734 2361 811 2396 more
827 2347 883 2394 ius-

89 2422 181 2486 sisset,
205 2423 240 2472 ab
251 2423 387 2472 uuiversis
399 2423 600 2474 conclamatum
612 2427 666 2474 cst:
688 2421 747 2471 Non
759 2435 812 2470 ease
823 2434 884 2469 cou-

90 2498 167 2548 sulem
178 2506 254 2547 'euna
294 2495 362 2548 Post
380 2503 501 2548 remotos
517 2497 671 2564 Caesetium
693 2503 720 2546 et
734 2493 884 2544 llllamllum

90 2573 216 2624 tribmros
231 2579 341 2638 reperta
361 2578 425 2624 stant
444 2573 578 2638 proximis
599 2572 720 2622 consitiis
741 2567 884 2634 complura

90 2647 225 2716 suffragia
236 2647 363 2699 consules
379 2663 427 2698 eus
442 2647 651 2698 declarantium.
691 2644 883 2709 subscripsere

90 2721 326 2790 quidamL.Bruti
338 2729 458 2774 statuae:
473 2721 581 2771 Uticam
591 2719 703 2771 viveres}
714 2719 778 2768 item
797 2718 883 2784 ipsius

91 2797 230 2850 Caesaris:

94 2943 117 2954 a
