2036 3022
299 221 433 271 illierA.
470 223 648 273 cnP.1·-s.
823 227 872 279 265

133 349 170 402 ll.
189 347 296 402 Neroni
307 348 397 400 Galba
408 350 552 413 successit,
573 350 649 402 nullo
664 349 752 419 gradu
769 354 873 404 eontin-

73 439 146 496 gens
160 425 308 477 Caesarum
329 425 452 477 domum:
476 424 525 478 sed
542 423 616 476 haud
636 426 718 478 dubie
733 426 873 480 nobilissi-

74 515 319 568 mus,magnaque
329 507 357 552 et
366 505 456 552 vetere
465 501 610 568 prosapia,
620 508 653 552 ut
663 502 711 568 qui
720 506 873 553 statuarum

74 576 168 627 titulis
188 583 357 642 pronepotem
381 591 411 626 se
437 573 469 638 Q.
492 574 583 627 Cotrsh'
602 574 746 643 Capitolini
768 592 874 644 semper

77 650 251 718 ascripserit3
271 651 422 718 imperator
436 665 501 702 vero
517 651 600 702 etiam
616 656 732 703 stemma
750 653 779 703 in
801 653 872 702 atrio

76 725 267 794 proposuerit,
284 740 338 792 quo
354 730 495 792 paternam
511 727 644 793 originem
655 727 690 778 ad
700 728 807 792 lovem,
818 742 873 777 ma-

76 807 185 852 ternam
198 799 232 849 ad
243 797 398 866 Pasiphaen
408 799 512 850 Minois
521 815 635 852 uxorem
646 801 769 854 referret.

105 878 109 884 '
135 875 184 925 lll.
205 874 340 942 Imagines
355 880 382 926 et
395 873 486 940 elogia
500 875 621 926 rmirersi
637 878 745 943 generis
760 879 874 946 exsequi

79 952 192 1017 longum
208 955 262 1001 est:
286 949 410 1000 familiae
422 949 542 1000 breviter
561 950 704 1017 attingam.
745 952 800 1014 Qui
819 955 874 1020 pri-

79 1041 142 1076 mus
160 1023 346 1092 Sulpiciorum
366 1037 517 1091 cognomen
532 1022 639 1075 Galbae
657 1024 734 1089 tulit,
756 1042 805 1077 cur
825 1033 874 1077 aut

77 1100 152 1152 unde
160 1099 286 1164 traxerit,
298 1099 454 1166 ambigitur.
493 1097 611 1159 Quidam
622 1105 728 1166 putant,
741 1101 815 1168 quod
827 1117 874 1168 op-

78 1175 174 1243 pidum
185 1174 346 1240 Hispaniae,
357 1173 460 1225 frustra
471 1173 519 1224 diu
530 1181 727 1242 oppugnatum,
737 1175 818 1227 illitis
830 1176 874 1226 dc-

78 1265 153 1302 mum
164 1248 284 1316 galbano
294 1247 402 1300 facibus
412 1248 596 1300 succenderit:
617 1249 679 1314 alii,
691 1249 765 1316 quod
774 1251 804 1300 in
816 1250 874 1300 diu-

78 1329 162 1376 turna
171 1323 323 1375 valitudine
333 1323 441 1391 galbeo,
452 1323 542 1387 idest,
553 1325 682 1375 remediis
693 1324 758 1375 lana
767 1326 874 1377 involu-

77 1401 128 1470 tis,
150 1395 260 1449 assidue
279 1404 414 1450 uteretur:
438 1398 577 1463 nonnulli,
603 1399 678 1475 quod
697 1401 875 1468 praepinguis

77 1475 261 1538 lncritvisus,
284 1488 362 1541 quem
376 1473 484 1542 gallam
496 1472 572 1524 Galli
581 1480 695 1526 vocant:
714 1475 758 1526 vcl
769 1482 874 1538 contra,

78 1549 155 1620 quod
164 1554 222 1600 tam
233 1549 325 1613 exilis,
337 1564 417 1616 quam
429 1555 492 1600 sunt
503 1549 648 1613 animalia,
659 1549 769 1617 quaein
781 1565 873 1602 aescu-

77 1627 114 1677 lis
125 1629 287 1687 nascuntur,
308 1617 533 1692 appellanturque
541 1625 647 1693 gelbue.
685 1621 832 1676 Familiam
842 1624 875 1674 il·

76 1699 209 1752 lustravit
223 1698 280 1750 Ser.
292 1697 383 1750 Galba
402 1699 568 1763 consularis,
589 1705 744 1767 temporum
762 1716 875 1752 suorum

77 1774 333 1844 eloquentissimus:
354 1789 434 1840 quem
443 1773 564 1837 tradunt,
575 1773 741 1841 Hispaniam
753 1790 786 1826 ex
797 1790 875 1844 prae·

77 1858 143 1903 tura
154 1849 335 1912 obtinentem,
350 1849 465 1916 triginta
474 1846 673 1899 Lusitanorum
684 1848 805 1900 millibus
816 1865 875 1917 pcr-

77 1927 147 1976 lidia
166 1923 326 1987 trucidatis,
346 1921 499 1974 Viriathini
518 1921 586 1972 belli
601 1938 711 1972 causam
727 1924 875 1974 exstitisse.

77 2001 147 2051 Eius
167 2013 253 2064 nepos
273 1999 308 2049 ob
327 1997 465 2066 repulsam
487 1997 647 2048 consulatus
666 1996 789 2048 infensus
803 1996 875 2047 lulio

78 2073 206 2137 Caesari,
229 2073 306 2124 cuins
317 2072 423 2139 legatus
432 2073 461 2123 iu
473 2071 567 2122 Gallia
580 2071 684 2137 fuerat,
707 2073 878 2140 conspiravit

78 2167 141 2203 erun
157 2148 254 2198 cassio
269 2153 297 2199 et
310 2148 412 2198 Bruto:
435 2147 637 2215 propterquod
652 2146 739 2198 Pedia
754 2148 813 2215 lege
829 2147 876 2198 da-

78 2230 187 2277 mnatus
198 2229 248 2274 cst.
282 2222 322 2272 Ab
332 2220 387 2273 hoc
396 2227 459 2272 sunt
467 2223 643 2290 imperatoris
655 2221 761 2274 Galbae
773 2239 839 2275 avus
850 2228 879 2274 et

76 2307 166 2370 pater,
205 2297 278 2348 Avus
298 2296 401 2348 clarior
420 2297 525 2360 studio,
547 2311 628 2366 quam
649 2297 796 2364 dignitate:
821 2313 877 2348 non

77 2377 150 2428 enim
162 2387 287 2441 egressus
297 2377 443 2440 praetenso
452 2371 576 2438 gradum,
586 2371 764 2440 multiplicem
777 2389 827 2422 nec
837 2372 877 2422 in-

77 2451 217 2502 curiosam
228 2445 372 2498 historiam
384 2445 478 2496 edidit.
508 2444 592 2498 Pater
602 2446 748 2498 consulatu
758 2446 877 2510 functus,

11 2557 12 2566 κ
78 2537 237 2596 quanquam
247 2523 325 2573 brevi
336 2535 452 2588 corpore
463 2525 544 2589 atquc
560 2522 643 2572 etiam
659 2522 768 2587 gibber,
789 2521 877 2571 modi-

77 2615 183 2670 caeque
192 2599 221 2649 iu
233 2595 348 2648 dicendo
360 2595 515 2658 facultatis,
527 2611 624 2647 causas
634 2595 769 2646 industrie
781 2596 872 2646 actita

74 2678 128 2729 vit.
167 2673 274 2725 Uxores
293 2669 391 2722 habuit
408 2669 570 2720 Mummiam
588 2667 749 2734 Achaicam,
769 2675 874 2738 nepten

12 2743 14 2748 ’
78 2749 173 2803 Catuli
179 2787 186 2813 ,
206 2753 420 2816 proneptemque
441 2745 475 2796 ls-
489 2743 625 2810 Mummii,
647 2744 695 2814 qui
716 2743 877 2798 Corinthum
