2036 3022
254 231 256 241 .
284 197 487 246 CLAUDIUS.
523 198 601 244 GAP.
620 199 660 245 16.
680 201 719 246 1r.
847 197 898 254 2⁰5

98 324 228 379 tinereut.
267 323 350 375 liene
361 323 564 376 cuibaecmira
577 323 644 386 sint,
665 321 803 391 litigatori
813 324 896 377 Grae-

98 401 164 452 culo
174 415 230 450 vox
240 399 269 450 in
281 399 459 452 altercatione
470 397 585 462 excidit,
605 394 661 444 Καὶ
671 392 701 445 σὺ
712 397 791 464 γέρων
801 387 837 457 εἶ,
855 399 897 448 καὶ

98 471 196 541 μωρὸς.
235 473 361 540 Equitem
372 474 482 540 quidem
492 473 659 535 Romanum,
681 473 859 526 obscenitatis
868 477 897 525 in

98 550 318 612 seminantem,
334 549 381 599 sed
392 548 464 599 falso
470 586 478 612 ,
490 554 517 598 et
527 548 562 599 ab
571 547 768 616 impotentibus
777 550 909 622 inimicis·

100 625 221 677 conficto
234 624 359 686 cumino,
375 624 443 674 satis
455 628 574 686 constat,
590 636 672 690 quum
684 630 776 675 scorta
786 625 896 676 merito-

99 701 145 752 ria
156 699 239 750 citari
249 699 379 755 adversus
389 713 432 762 se,
454 704 482 748 et
492 697 582 748 audiri
592 713 641 764 pro
652 699 811 752 testimonio
822 699 896 750 vide-

99 781 156 838 ret,
172 771 316 842 graphium
328 779 355 824 et
365 772 488 836 libellos,
505 788 574 840 quos
585 774 696 825 tenebat
704 775 733 825 in
744 791 839 838 manu,
856 775 896 826 ita

101 866 162 902 cum
173 864 273 915 magna
284 849 417 899 stultitiae
428 848 592 900 etsaevitiae
597 851 808 916 exprobratione
817 850 895 902 iecis-

101 941 130 978 se
141 925 170 976 in
181 922 281 974 faciem
291 924 364 986 eius,
375 929 406 973 ut
415 938 513 990 genam
524 939 579 974 non
590 924 686 974 leviter
696 926 894 990 perstrinxerit.

156 998 231 1050 xvi.
253 997 345 1051 Gessit
356 1003 383 1048 et
397 1013 552 1061 censuram,
572 999 756 1049 intermissam
770 999 819 1049 diu
832 1005 897 1066 post

99 1075 233 1126 Plancum
244 1071 424 1140 Paullumque
436 1088 576 1133 censores3
597 1071 644 1122 scd
655 1069 725 1123 hanc
736 1089 845 1142 quoque
854 1075 895 1124 in-

100 1148 268 1218 aequaliter,
288 1149 421 1215 varioque
435 1153 463 1200 et
477 1148 568 1198 animo
580 1153 608 1198 et
617 1153 723 1198 eventu.
761 1148 895 1214 Recogni-

98 1225 176 1276 tione
186 1222 308 1292 equitum
318 1224 442 1274 iuvenem
452 1222 562 1290 plenum
573 1222 680 1288 probri,
700 1222 748 1273 sed
760 1239 839 1289 quem
847 1237 896 1289 pa-

98 1306 141 1352 ter
150 1298 378 1367 probatissimum
389 1297 444 1348 sibi
455 1297 617 1361 affirmabat,
624 1297 682 1347 sine
693 1297 845 1364 ignominia
856 1298 895 1350 di-

100 1375 189 1438 misit,
201 1372 310 1434 tabere,
327 1372 433 1435 dicens,
450 1387 580 1424 censorem
590 1388 673 1422 suam.
712 1372 815 1438 Alium,
837 1389 896 1426 cor-

99 1448 216 1515 ruptelis
229 1447 426 1516 adulteriisque
437 1447 585 1510 famosum,
602 1445 671 1498 nibil
686 1448 803 1516 amplius
815 1439 895 1516 quam

100 1525 221 1587 monuit,
236 1531 269 1574 at
277 1532 325 1574 aat
330 1521 439 1590 parcius
449 1523 581 1574 aetatulae
591 1521 752 1592 indulgeret,
769 1531 818 1575 aut
826 1533 896 1574 certe

8 1655 9 1658 Ἴ
100 1597 224 1659 cautium
245 1597 415 1667 addiditque,
431 1597 519 1661 Quare
529 1596 597 1648 enim
609 1615 658 1667 ega
668 1597 730 1662 seio,
742 1614 820 1665 qaam
830 1597 895 1649 ami·

101 1691 160 1728 cam
171 1673 286 1724 babeas?-
315 1673 350 1723 Et
361 1688 452 1740 quum,
464 1674 608 1724 orantibus
617 1673 811 1739 familiaribus,
823 1673 895 1724 dem-

99 1751 202 1818 psisset
213 1748 321 1798 cuidam
334 1748 489 1815 appositam
499 1754 593 1798 uotam
600 1786 608 1810 ,
628 1747 727 1800 Litora
738 1759 838 1813 tamea,
854 1750 895 1800 in-

99 1825 168 1894 quit,
182 1831 274 1875 exstet.
315 1822 492 1890 Splendidam
508 1823 609 1884 vinrm,
631 1821 818 1891 Graeciaeque
832 1840 895 1890 pro·

96 1900 207 1950 vinciae
218 1898 383 1967 principem,
403 1912 495 1947 verum
507 1893 602 1946 Latini
613 1898 746 1948 sermonis
760 1899 894 1964 ignarum,

97 1991 155 2026 non
167 1974 251 2025 modo
263 1973 328 2024 albo
338 1972 460 2023 iudicum
471 1971 570 2033 erasit,
585 1971 633 2019 scd
645 1970 726 2020 ctiam
737 1972 766 2021 in
777 1971 896 2038 peregri-

98 2051 215 2101 nitatem
226 2047 340 2114 redegit.
379 2047 437 2098 Ncc
448 2060 609 2113 quemquam
621 2045 674 2097 nisi
690 2061 740 2095 sua
754 2061 833 2109 voce,
854 2051 896 2097 ut·

100 2139 208 2191 ermque
220 2123 281 2191 quis
292 2128 397 2188 posset,
415 2137 446 2172 ac
457 2122 516 2172 sine
526 2125 658 2188 patrono,
677 2121 812 2172 rationem
823 2121 896 2172 vitae

99 2214 200 2268 passus
211 2203 254 2249 est
263 2197 385 2248 reddere.
424 2195 592 2262 Notavitque
602 2193 713 2262 multos,
726 2203 753 2248 et
762 2197 895 2266 quosdam

98 2274 287 2342 inopinantes,
299 2278 326 2323 ct
336 2286 370 2322 ex
381 2286 465 2322 causa
475 2271 540 2321 novi
550 2270 671 2337 generis,
683 2272 757 2339 quod
768 2288 797 2323 se
807 2273 895 2324 inscio

100 2365 134 2400 ac
145 2349 205 2399 sine
217 2352 371 2398 commeatu
381 2345 463 2396 ltalia
473 2347 665 2409 excessissent3
687 2346 821 2415 quendam
831 2361 896 2396 vero

99 2431 140 2487 et,
163 2422 237 2489 quod
249 2437 341 2472 comes
351 2421 424 2486 regis
434 2419 464 2469 in
478 2421 622 2486 provincia
636 2421 746 2484 fuisset,
767 2419 896 2482 referens,

97 2499 238 2548 maiorum
248 2495 427 2562 temporibus,
439 2493 553 2546 Rabirio
561 2493 895 2559 Postumo,Ptolemaerun

97 2571 295 2624 Alexandriam
312 2569 410 2622 crediti
423 2569 551 2619 servandi
566 2585 650 2621 causa
665 2574 773 2631 secuto,
794 2567 895 2618 cumen

96 2646 255 2698 maiestatis
272 2646 345 2712 apud
358 2644 464 2695 iudices
479 2649 593 2692 motum.
632 2641 728 2694 Plures
740 2645 838 2693 notare
850 2656 895 2692 co·

96 2729 194 2786 nattis,
210 2735 310 2788 magna
321 2718 516 2790 inquisitorum
526 2714 707 2785 negligentia,
719 2716 767 2769 sed
778 2732 827 2768 suo
839 2731 895 2768 ma·
