2026 3020
252 583 719 700 Fraefasia

403 871 570 885 ηψπ-ιι...-

152 1023 281 1142 Quum,
309 1071 423 1137 detritis
443 1087 497 1128 usu
515 1073 621 1129 tabulis
640 1072 827 1149 stereotypis‚
855 1075 886 1127 in

72 1152 193 1228 quibus
221 1151 379 1212 Suetonius
404 1157 581 1232 perscriptus
609 1164 686 1230 erat,
717 1143 810 1213 novae
836 1155 884 1211 de-

86 1253 167 1291 mum
186 1237 403 1316 pulcrioresque
426 1239 641 1296 substituendae
668 1249 775 1298 essent:
803 1249 831 1295 et
853 1240 885 1294 in

86 1317 153 1390 hoe,
162 1326 196 1374 ut
209 1320 241 1374 in
254 1321 320 1377 aliis
334 1323 533 1397 scriptoribus,
545 1326 707 1380 consultum
719 1325 815 1381 visum
829 1332 885 1392 est,

86 1419 145 1456 non
158 1403 390 1460 recentissimam
404 1406 529 1481 aliquam
548 1407 702 1464 editionem
718 1409 813 1483 sequi,
833 1405 884 1462 sed

87 1478 231 1541 bonorum
245 1504 299 1568 ope
312 1487 479 1546 librorums
499 1491 626 1548 auretium
634 1490 719 1566 paulo
729 1493 761 1546 iu
770 1499 883 1546 textum

87 1569 247 1644 inquirere,
257 1571 448 1646 expensisque
457 1583 589 1628 veterum
602 1573 832 1631 membranarum
841 1574 882 1626 le-

88 1651 250 1723 ctionibus,
263 1669 329 1708 eam
337 1656 492 1711 restituere
501 1656 637 1732 scriptori
646 1657 769 1713 formam
778 1655 883 1710 dietio-
959 1700 960 1704 η

85 1752 225 1811 nemque,
252 1754 325 1811 quae
349 1755 414 1794 eum
431 1737 487 1794 fide
504 1738 681 1816 dignissimis
699 1739 884 1815 antiquitatis

85 1820 281 1875 monumentis
304 1838 389 1896 quam
412 1823 519 1896 optime
543 1824 716 1879 concineret.
755 1820 802 1877 Ex
826 1839 883 1896 quo

85 1903 165 1958 enim
178 1900 416 1978 Oudendorpius,
427 1913 521 1961 eertos
531 1907 659 1982 aliquos,
669 1915 701 1960 ut
709 1904 757 1977 fit,
769 1904 884 1960 codices

85 1994 218 2056 secutus,
237 1987 384 2043 luculenta
402 2005 454 2044 sua
473 1986 615 2058 editione,
635 1995 663 2043 et
681 1987 791 2042 criticis
805 1989 885 2041 notis

85 2085 137 2140 per
151 2086 221 2126 saue
234 2069 318 2128 banis
333 2080 362 2126 et
377 2071 516 2126 exteriori
527 2071 614 2125 etiam
624 2079 726 2125 ornatu
738 2068 823 2126 valde
836 2069 884 2124 in-

85 2153 165 2230 signi
175 2149 350 2210 Suetonium
362 2152 542 2226 exhibuerat,
549 2172 647 2210 omues
657 2153 772 2210 omnino
782 2169 883 2210 reeen-

83 2236 176 2292 tiores
190 2236 319 2292 illumin
331 2239 477 2314 plerisque
488 2239 581 2294 seouti
595 2247 676 2309 suut,
690 2236 746 2292 hoe
755 2245 883 2294 tantum-

84 2317 171 2374 modo
187 2320 355 2396 plerumque
365 2329 494 2399 agentes,
508 2330 602 2377 utres
616 2323 647 2377 in
657 2329 774 2377 auctore
783 2321 885 2377 obrias

85 2399 265 2459 diffieiliores
281 2403 518 2481 obscurioresque
536 2404 794 2479 interpretarentur
808 2404 883 2460 suis-

85 2504 142 2561 que
158 2487 239 2542 notis
256 2487 444 2544 illustrarent.
474 2486 551 2559 Nos,
565 2486 702 2544 adhibitis
715 2485 885 2542 melioribus

85 2569 185 2640 libris,
207 2579 398 2648 accurateque
417 2571 580 2627 examinato
595 2570 701 2646 ubique
713 2568 884 2626 Oudendor-

86 2653 127 2727 pii
141 2652 270 2725 iudieio,
298 2655 436 2710 eclectioa
460 2655 588 2724 ratione,
613 2651 777 2727 ubieunque
804 2653 885 2708 iliius

8 2768 10 2790 ι
87 2736 303 2794 emendationes
324 2736 503 2794 indubitatae
525 2735 649 2792 iudicari
669 2733 805 2805 debuere,
828 2730 884 2806 ipsi
