2036 3022
99 183 148 240 rer
375 185 402 231 c.
425 183 618 232 soarourr

98 311 124 364 si
135 324 190 378 quo
198 308 279 378 paria
288 305 399 378 longius
408 308 628 372 recessissent‚in
639 307 758 362 modium
768 309 898 364 manibus

97 385 157 441 suis
172 382 345 453 protrahens.
384 383 580 438 Destinaverat
593 383 690 450 enam,
709 385 777 450 quia
791 385 898 452 Apolli-

96 477 159 526 nem
175 467 268 524 cantu,
285 459 377 512 Solem
393 460 545 528 arrrigande
559 459 742 526 aequiparare
757 461 899 514 existima-

96 542 186 600 retur,
204 535 309 587 imitari
329 541 356 586 et
369 535 499 586 Herculis
517 533 601 587 facta.
640 532 896 602 Praeparatamrqaa

97 611 205 677 leonem
216 611 301 673 aiunt,
308 625 387 676 quem
397 609 441 661 vel
452 609 579 662 elaravel
589 606 767 660 brachiorum
777 611 896 664 nexibus
967 615 971 626 '

96 683 894 752 inamphitheatriarenaspectantepopulonuduseliderot.
922 684 927 694 '

154 759 225 812 LIV.
247 759 303 810 Sub
314 761 390 810 exitu
401 761 510 826 quidem
524 761 598 811 vitae
612 759 704 826 palam
718 767 848 824 voverat,
869 761 896 814 si

98 834 152 886 sibi
166 833 313 886 incolumis
333 840 422 886 status
442 834 649 901 permansisset,
670 835 847 902 proditurum
865 852 895 890 se

96 915 193 976 partae
203 909 336 961 victoriae
347 909 433 974 ludis¹
449 911 532 962 etiam
543 907 720 976 hydraulam,
737 915 770 962 et
778 909 896 965 cumau-

97 983 165 1048 lam‚
187 984 427 1048 matricularium,
449 1001 482 1036 ac
496 985 647 1036 novissimo
664 985 708 1036 die
722 983 896 1050 histrionem,

47 1098 50 1102 .
98 1059 316 1130 saltaturumque
332 1057 447 1127 Virgilii
462 1061 594 1126 Turnum.
632 1058 668 1110 Et
688 1065 752 1112 sunt
772 1062 896 1128 qui-tra.

97 1133 176 1203 dant,
192 1133 318 1186 Paridem
330 1133 491 1186 histrionem
502 1135 623 1186 occisum
635 1136 670 1185 ab
681 1137 825 1204 e0,=quasi
833 1150 896 1204 gra-

97 1210 364 1262 vemadversarinm.
833 1226 840 1239 ¹

153 1283 213 1336 LV.
233 1283 302 1336 Erat
320 1285 364 1335 illi
384 1284 555 1338 aeternitatis
578 1290 781 1352 perpetuaeque
805 1285 896 1348 saonae

99 1358 208 1426 cupido,
220 1360 269 1410 sed
279 1360 444 1412 inconsulta.
484 1359 604 1427 Ideoque
614 1360 709 1412 nrultis
718 1361 801 1414 rebus
812 1377 845 1412 ac
855 1361 896 1414 lo·

99 1435 151 1496 cis,
171 1439 262 1486 vetere
274 1435 460 1502 appellatione
470 1434 608 1498 detracta,
628 1451 729 1486 novam
742 1436 853 1488 induxit
862 1451 893 1487 ex

99 1525 149 1560 suo
170 1511 289 1564 nomine.
328 1510 451 1560 Mensem
477 1525 587 1578 quoqne
606 1510 725 1576 Aprilem
746 1509 896 1562 Neroneum

100 1583 257 1652 appellavit.
293 1584 487 1656 Destinaverat
501 1590 528 1635 et
538 1584 653 1636 Romam
664 1583 815 1653 Neropolim
828 1601 896 1638 nun·

100 1674 209 1726 cupane.
741 1689 742 1694 =
849 1717 851 1721 ,

155 1731 228 1784 L'VI.
239 1731 414 1802 Religionum
425 1748 621 1802 usquequaque
633 1741 813 1804 contemptor,
818 1752 898 1802 prae·

99 1807 242 1861 toranius
262 1809 330 1861 deae
346 1807 453 1876 Syriae.
492 1809 574 1860 Hanc
593 1826 659 1862 raon
677 1813 719 1862 ita
732 1813 847 1878 sprevit,
867 1817 900 1863 nt

99 1885 182 1936 urina
192 1885 400 1955 contaminaret,
413 1885 470 1938 alia
480 1885 677 1953 superstitione
687 1894 792 1954 captus,
804 1887 833 1938 in
844 1902 898 1954 qua

101 1960 163 2012 sola
187 1960 405 2028 pertinacissime
430 1958 528 2012 haesit.
572 1959 713 2028 Siquidem
741 1961 898 2031 leuncularu

100 2035 263 2102 puellarem,
285 2052 367 2104 quum
383 2037 463 2103 quasi
476 2034 626 2090 remedium
640 2035 804 2090 insidiannn
816 2037 899 2104 aple-

101 2111 165 2161 beio
182 2110 303 2177 quodam
319 2117 346 2162 et
363 2112 461 2176 ignoto
476 2111 584 2160 muneri
604 2112 768 2180 accepisset,
791 2111 900 2171 detecta

104 2184 247 2240 confestim
259 2186 459 2248 coniuratione,
465 2199 516 2252 pro
527 2199 633 2238 summo
644 2187 754 2240 numine
764 2187 900 2255 trirrisque

102 2257 197 2312 indie
221 2260 367 2312 sacrifieiis
392 2260 482 2313 colere
506 2263 704 2326 perseverarit:
734 2261 902 2330 volebatque

104 2335 187 2400 credi,
199 2329 352 2386 nranitione
363 2335 421 2387 eins
431 2334 525 2386 ieiuna
534 2350 724 2402 praenoscere.
754 2338 824 2390 Ante
834 2351 902 2405 pau·

106 2426 153 2462 cos
165 2426 247 2479 qnam
261 2411 364 2480 periret
377 2426 484 2462 menses
499 2412 617 2464 attendit
630 2420 658 2464 et
672 2413 832 2482 extispicio,
850 2428 902 2466 neo

103 2500 225 2554 unquam
235 2487 334 2539 litavit.

10 2611 11 2616 ,
160 2557 246 2612 LVll.
268 2561 345 2613 Obiit
357 2562 496 2614 tricesimo
522 2567 549 2614 et
567 2561 687 2615 secundo
699 2564 798 2616 nereos
819 2579 914 2637 anno„

10 2667 11 2670 ,
106 2631 159 2695 dic,
171 2649 225 2702 qno
237 2637 375 2702 quondam
388 2637 530 2690 Octaviam
541 2638 730 2690 interemerat:
740 2644 905 2708 tantumque

106 2708 237 2776 gaudium
247 2709 356 2778 publice
366 2713 505 2782 praebuit,
516 2717 547 2763 nt
557 2713 635 2782 plebs
644 2713 749 2783 piloata
757 2721 818 2770 toto
828 2715 903 2792 Urbs
