2026 3020
217 237 346 284 IULIUS
375 235 529 284 CAESAR.
565 237 644 283 CAP.
663 239 746 284 1“-6.
862 236 878 290 3

72 362 134 414 iam
149 353 291 412 mensibus
305 359 425 426 traiicit,
443 363 517 412 circa
527 359 743 412 Pharmacusam
757 364 878 414 insulam

73 455 92 488 a
103 436 295 505 praedonibus
312 443 409 504 captus
421 443 476 500 est;
496 438 652 504 mansitque
668 437 742 515 apud
758 449 806 490 eos
821 455 878 490 non

70 515 136 564 sine
149 527 255 562 summa
265 511 425 580 dignatione
437 528 522 580 prope
534 512 718 580 quadraginta
729 513 802 579 dies,
815 531 876 564 cum

70 603 133 639 uuo
155 585 261 639 medico
283 592 312 638 et
331 587 510 639 cubiculariis
531 587 654 650 duobus3
679 605 743 639 uam
760 589 875 640 comites

71 677 227 729 seruosque
243 667 350 714 ceteros
364 662 446 714 initio
463 663 556 714 statim
573 662 608 713 ad
628 663 813 730 expediendas
829 681 874 730 pe·

72 738 188 801 eunias,
205 738 307 804 quibus
316 737 509 802 redimeretur,
526 737 677 789 dimiserat,
716 738 875 792 Numeratis

72 812 176 864 deinde
187 811 387 880 quinquaginta
396 813 517 876 talentis,
529 814 671 881 expositus
681 813 710 864 in
721 814 811 880 litore,
818 831 875 866 uon

72 887 195 951 distulit,
208 889 275 954 quin
285 901 300 939 e
310 889 427 956 vestigio
440 889 527 939 classe
538 887 656 939 deducta
666 897 875 957 persequeretur

73 963 223 1025 abeuntes,
239 978 273 1013 ac
282 962 409 1014 redactos
420 964 449 1014 in
460 968 624 1030 potestatem
636 965 787 1030 supplicio,
800 964 875 1033 quod

73 1037 134 1089 illis
144 1053 228 1105 saepe
239 1038 359 1090 minatus
369 1039 543 1090 interiorum
554 1035 653 1101 fuerat,
666 1039 795 1089 afficeret.
820 1039 875 1088 Va-

52 1161 55 1166 .
73 1117 168 1164 stante
178 1113 306 1180 regiones
322 1113 462 1180 proximas
472 1109 649 1176 Mithridate,
666 1128 700 1163 ne
710 1111 836 1164 desidere
847 1113 875 1164 in

75 1188 239 1240 &crimine
250 1189 389 1240 sociorum
400 1189 552 1251 videretur,
570 1187 605 1238 ab
615 1186 730 1252 Rhodo,
749 1204 803 1256 quo
815 1205 875 1256 per-

77 1263 221 1326 tenderat,
237 1264 351 1315 transiit
364 1265 394 1314 in
409 1264 518 1324 Asian1;
539 1263 706 1330 auxiliisque
723 1261 874 1315 contractis

75 1345 104 1390 et
114 1337 256 1406 praefecto
268 1340 341 1406 regis
352 1339 496 1407 provincia
507 1337 631 1404 expulso,
643 1345 770 1391 nutantes
783 1355 815 1390 ac
827 1337 874 1390 dn-

76 1414 140 1464 bias
151 1414 278 1464 civitates
289 1415 403 1465 retinuit
412 1415 441 1464 in
452 1413 514 1463 fide.

132 1486 169 1540 V.
190 1486 347 1539 Tribunatu
361 1488 493 1550 militum,
515 1488 563 1555 qui
583 1489 687 1554 prinrus
702 1489 819 1540 Romam
834 1505 875 1540 re·

77 1579 157 1615 verso
174 1580 225 1631 per
240 1563 375 1632 suffragia
390 1563 487 1632 populi
502 1548 592 1613 bonor
613 1564 726 1630 obtigit,
749 1569 876 1616 auctores

76 1639 266 1690 restituendae
281 1641 446 1691 tribuniciae
461 1639 622 1706 potestatis,
640 1641 718 1690 ouius
732 1639 787 1690 vim
799 1638 877 1692 Sulla
958 1680 960 1689 .

77 1715 262 1778 diminuerat,
274 1714 432 1766 enixissime
442 1715 521 1765 iuvit.
532 1715 566 1764 L.
579 1716 662 1766 etiarn
675 1715 792 1780 Cinnae,
808 1729 877 1766 uxo-

75 1791 116 1840 ris
126 1788 210 1840 fratri
216 1827 224 1854 ,
236 1789 322 1857 etqui
332 1805 393 1841 cum
404 1807 437 1841 eo
449 1790 525 1841 civili
536 1789 678 1842 discordia
688 1787 826 1857 Lepidum
837 1805 877 1840 se-

77 1866 143 1930 cuti,
155 1870 222 1932 post
230 1879 324 1916 necem
335 1865 457 1916 consulis
475 1865 510 1915 ad
522 1865 675 1917 Sertorium
687 1865 877 1932 confugerant,

76 1940 200 2009 reditum
214 1940 244 1990 in
260 1939 398 1992 civitatem
414 1941 559 2008 rogatione
570 1939 664 1990 Plotia
675 1939 808 2002 coniecit,
829 1937 877 1988 ha-

77 2015 303 2084 buitqneetipse
314 2031 397 2082 snper
407 2031 440 2066 ea
451 2031 480 2066 re
492 2013 662 2065 concionem.
730 2011 733 2016 '
875 2071 877 2075 .

135 2089 184 2140 Vl.
207 2089 345 2150 Quaestor
355 2091 453 2142 Iuliam
467 2090 579 2140 amitam
596 2103 764 2156 uxoremque
777 2087 877 2140 Corne-

79 2165 148 2214 liam
167 2163 310 2216 deiunetas
327 2165 452 2216 laudavit
467 2183 482 2217 e
497 2181 574 2216 more
590 2181 640 2232 pro
656 2164 765 2218 rostris.
805 2165 880 2216 litio

80 2239 184 2290 amitae
196 2239 306 2306 quidem
317 2239 478 2292 laudatione
490 2241 523 2292 de
539 2241 598 2292 eius
610 2257 643 2292 ac
653 2242 740 2309 patris
751 2241 796 2292 sni
806 2246 880 2311 utra-

83 2331 135 2381 que
147 2315 256 2384 origine
267 2315 309 2365 sic
319 2315 415 2366 refert:
437 2315 543 2366 Amitae
553 2332 626 2368 aneae
637 2314 722 2368 Iuliae
733 2324 881 2368 maternam

79 2403 166 2457 genus
177 2389 211 2440 ab
221 2389 328 2458 regibus
339 2399 433 2452 ortum,
442 2399 584 2457 paternum
596 2383 714 2444 corneliis
725 2389 880 2444 innatortali-

83 2464 129 2515 dut
139 2463 309 2516 coniunctum
322 2472 368 2516 eet.
408 2463 478 2517 Nem
489 2465 521 2516 ab
533 2465 607 2518 Anco
618 2464 723 2518 Marcio
735 2473 797 2516 sunt
806 2461 881 2514 Mur·

84 2539 119 2589 cii
134 2537 237 2608 Reges,
261 2555 310 2606 quo
331 2539 435 2591 nomiae
448 2539 512 2610 suit
530 2551 615 2592 tracter
621 2558 634 2601 ,-
663 2556 679 2588 a
700 2535 882 2597 Venereiulii,

83 2613 158 2665 cuine
165 2613 258 2683 gentis
261 2612 374 2683 familie
385 2623 425 2665 eet
438 2623 538 2666 norun.
577 2615 630 2666 Est
640 2629 703 2680 crgo
714 2611 742 2662 ia
751 2626 848 2678 genere
859 2615 886 2660 et

82 2703 177 2759 regum
188 2689 331 2751 sanctitas,
354 2688 400 2756 qai
410 2687 553 2755 plurimam
569 2689 638 2740 inter
654 2685 769 2737 domines
776 2685 883 2750 pollent,

82 2771 109 2815 et
118 2763 284 2816 caerimonia
294 2761 426 2826 Deorum,
449 2778 558 2830 patmum
573 2761 625 2828 ipsc'
638 2760 667 2810 in
678 2766 810 2824 potestate
825 2761 886 2806 sunt

639 2851 686 2896 Aa
