2050 3034
102 241 136 298 tl
382 249 408 295 c.
432 245 614 294 sonrosnr

103 375 178 438 simo,
191 373 264 426 senis
274 371 432 441 praebebat,
443 379 474 423 ut
484 389 539 424 nou
550 373 635 424 uiurio
647 377 764 440 sumptu,
774 373 815 426 ita
824 388 901 430 sume

29 466 32 475 ¹
100 465 145 500 rna
161 449 299 500 comitate.
338 446 410 497 Nam
425 447 501 499 etad
523 448 743 500 communionem
761 449 901 502 sermonis

98 529 220 575 tacentes
239 523 284 574 vol
303 523 469 573 summissim
488 522 644 574 fabulantes
663 524 847 590 provocabat,
869 529 900 575 et

100 605 148 649 aut
167 602 326 650 acroamata
341 603 369 650 et
382 593 542 662 histriones,
564 605 612 649 aut
626 599 711 649 etiam
722 597 848 650 triuiales
862 613 898 650 ex

100 673 181 725 Circo
192 672 284 724 ludios
294 672 495 738 interponebat,
502 688 535 723 ac
544 672 714 742 frequentius
725 673 896 740 aretalogos.

154 746 267 798 LXXV.
291 746 389 797 Festos
413 752 440 798 et
463 747 590 799 solennes
614 748 894 816 neoptolemum,

98 835 293 889 nonnunquam
303 821 465 872 ioculariter
474 823 767 886 tantum,·celebrabat.
799 823 895 876 Satur-

98 897 220 960 nalibus,
242 903 269 948 et
278 898 304 946 si
314 897 425 965 quando
437 897 508 947 alias
520 895 659 962 librasset,
680 898 764 950 modo
779 914 895 956 munera

98 971 247 1035 dividebat,
258 977 361 1023 vestem
372 979 399 1024 et
410 987 507 1022 aarum
517 978 545 1022 et
554 978 709 1039 argentum,
720 973 804 1026 modo
814 989 893 1026 utrm·

96 1063 157 1098 mos
169 1048 257 1098 omnis
268 1047 448 1111 uotae,etiam
458 1048 563 1098 ueteres
573 1048 665 1115 regios
675 1063 708 1099 ac
716 1049 891 1116 peregrinum

96 1111 232 1174 interdum
243 1120 313 1172 nibil
323 1128 432 1187 praeter
442 1122 535 1172 cilicia
545 1129 572 1174 et
582 1123 726 1190 spongias,
742 1130 770 1175 et
778 1125 890 1181 rutabu-

97 1197 133 1260 la,
144 1203 172 1248 et
181 1196 310 1264 forpices,
323 1203 404 1264 atque
416 1196 473 1246 alia
481 1197 510 1246 id
521 1211 615 1262 genus,
625 1197 716 1249 titulis
727 1199 852 1251 obscuris
863 1205 891 1250 et

96 1272 242 1339 ambiguis.
273 1263 720 1340 Solebatetiuaequolissiniarum
730 1289 821 1326 rerum
830 1289 890 1326 sor·

95 1351 145 1409 tes,
157 1351 186 1396 et
195 1359 305 1396 aversas
314 1345 471 1396 tabulamm
486 1347 609 1414 picturas
619 1348 648 1398 in
659 1349 785 1400 convivio
796 1347 889 1401 rendi·

95 1427 163 1483 tare,
174 1420 334 1488 incertoque
346 1435 412 1470 casu
426 1437 501 1490 spem
515 1423 693 1474 mercantium
707 1424 752 1475 vol
761 1423 894 1476 frustrari

95 1494 139 1546 vel
149 1495 271 1563 explere3
291 1496 331 1546 ita
341 1502 373 1547 ut
382 1512 431 1563 per
441 1496 565 1563 singulos
577 1497 663 1549 lectos
673 1498 792 1551 licitatio
803 1499 889 1564 lieret,

95 1575 122 1620 ct
132 1585 180 1621 seu
190 1571 298 1622 iactum
308 1586 358 1622 sen
368 1571 473 1622 lucrum
484 1573 739 1625 communicaretur.

150 1645 351 1696 LXXVI..Gibi
363 1648 438 1708 (nam
448 1661 482 1696 ne
492 1643 546 1698 hoc
555 1648 665 1715 quidem
677 1650 829 1714 omiserim)
840 1651 888 1702 mi·

93 1721 162 1770 nimi
172 1727 240 1784 erat,
252 1725 334 1788 atquo
344 1719 466 1787 uulgaris
476 1721 542 1773 fere.
572 1721 768 1776 secundarium
780 1741 887 1793 panem,

95 1802 122 1846 et
132 1794 281 1861 pisciculos
292 1794 421 1860 minutos,
428 1803 455 1847 et
465 1812 574 1848 caseum
585 1799 716 1850 bubulum
727 1815 886 1868 manupres·

95 1885 167 1934 surm,
184 1875 211 1922 et
220 1869 288 1921 ticos
297 1871 400 1922 virides
410 1870 514 1923 biferas
527 1875 647 1925 maxime
661 1876 820 1943 appetebat:
844 1891 887 1926 re-

94 1946 275 2014 soebaturque
295 1952 322 1998 et
342 1952 405 1998 ante
420 1963 533 1998 coenam
548 1965 711 2018 quocumque
723 1955 848 2018 ternpore
862 1958 888 2001 et

94 2020 167 2084 loco,
179 2037 234 2089 quo
246 2021 403 2072 stomachus
414 2022 606 2074 desiderasset.
644 2023 737 2076 Verba
751 2026 840 2092 ipsius
854 2040 886 2076 ex

95 2096 220 2162 epistolis
239 2102 314 2146 sunt=
340 2095 394 2146 Nos
407 2096 436 2146 io
450 2098 536 2148 essedo
547 2113 644 2164 panem
659 2109 685 2151 et
693 2101 826 2166 palmulas
837 2116 886 2169 gu·

94 2169 227 2219 staoimm.
267 2169 302 2220 Et
316 2171 427 2220 itonrm:
457 2170 530 2222 Dum
544 2172 637 2225 lectica
651 2191 683 2226 ea
697 2175 774 2244 regia
785 2175 888 2226 doraum

94 2243 183 2305 redeo,
196 2243 276 2309 panis
289 2244 393 2294 unciam
404 2262 462 2296 cam
473 2247 567 2312 paucis
576 2248 661 2299 adsis
670 2265 735 2300 uvae
746 2250 888 2302 duracinae

94 2319 202 2389 comedi.
241 2317 277 2368 Et
287 2333 394 2370 marsus:
420 2319 460 2372 Ne
474 2320 587 2373 iudaeae
602 2323 717 2389 qitidem,
738 2321 886 2385 milleni,

95 2401 150 2444 tam
161 2393 301 2463 diligenter
311 2394 426 2446 sabbatis
436 2395 563 2448 ieiunium
573 2407 672 2460 sanat,
693 2415 772 2464 qaam
783 2416 831 2469 ego
842 2398 886 2450 bo·

95 2467 137 2518 die
150 2468 261 2532 servaei,
283 2470 330 2535 qai
342 2469 370 2521 in
386 2469 475 2522 balaeo
490 2473 592 2524 demum
601 2482 665 2541 post
673 2472 766 2525 boram
772 2473 886 2541 primam

93 2545 178 2595 noem
188 2546 253 2596 duas
264 2544 371 2597 baereat
381 2545 549 2612 manducati,
566 2548 643 2616 prius
658 2564 736 2616 qaam
746 2549 814 2620 angi
822 2548 886 2601 iaci·

88 2633 187 2684 parem.
226 2619 268 2672 Ex
283 2619 335 2672 hac
349 2622 526 2674 observantia
543 2639 740 2693 nonuunquam
759 2625 804 2677 vel
824 2630 886 2676 aute

91 2692 190 2744 initum
204 2695 249 2747 vel
262 2703 326 2764 post
341 2697 482 2764 dimissius
499 2701 653 2752 convivium
669 2700 745 2753 solus
766 2701 886 2759 coenita-

91 2767 148 2836 hat,
161 2783 243 2840 quum
254 2771 336 2838 pleno
348 2774 557 2850 coamvioynibil
565 2781 698 2846 taugeret.
