2050 3034
140 255 192 308 198
418 257 444 301 G.
468 253 654 305 SUETONll

140 390 182 433 ret
191 379 242 432 silui
251 379 375 446 aliquem,
397 378 469 430 eteius
484 377 756 437 almumalmum
772 385 799 430 et
808 377 944 436 incentum

139 456 299 507 imitaretur.
340 452 456 504 Misellue

252 527 344 590 ἀτυχεῖ
350 555 384 564 -
395 525 465 578 πάνυ
475 527 501 576 iu
512 530 578 578 roim
589 525 741 582 σπουδαίοις
751 525 818 576 liar.
1008 577 1009 586 ,

145 605 195 656 Uti
204 623 257 658 aon
266 604 400 656 aberravit
409 603 463 655 eine
474 605 585 666 animus,
596 601 660 656 satis
671 610 783 670 apparet
796 597 812 666 ἡ
823 602 871 666 τῆς
885 616 939 661 aar-
1008 617 1009 624 ¹

140 683 186 744 χῇς
198 676 280 728 αὐτοῦ
291 675 411 740 εὐγένεια.
444 679 511 731 leem
522 680 610 730 tertiis
621 678 720 729 litoris:
745 675 883 728 Tiberium
894 696 939 728 ne-

137 763 225 822 potem
237 763 309 804 atum
315 757 420 820 plaeere·
430 753 497 806 neila
506 755 691 806 declamantem
698 751 940 819 patuisse,pereatn

141 827 204 888 taisi,
226 844 282 878 renea
296 827 387 892 Linea,
409 829 533 880 admiror.
574 827 643 878 Nam
659 826 704 893 qui
719 835 773 876 tam
783 819 890 883 ἀσαφῶς
901 827 939 877 la-

142 911 251 968 quatur,
265 903 408 971 qniporslt,
420 921 498 972 quum
510 903 646 964 declamat,
658 901 744 957 amovit
756 900 855 964 dicere,
868 917 939 967 quae

142 977 250 1028 dicenda
261 988 333 1040 tutet,
346 996 396 1030 reon
407 981 488 1032 aldea.
527 977 585 1028 Nec
596 976 707 1028 dubium
719 979 772 1040 est,
789 975 856 1042 quid
871 984 939 1042 post
1008 1017 1009 1022 ,

139 1052 208 1103 haee
218 1054 355 1120 Augustus
367 1054 551 1115 constituerit,
573 1058 600 1102 et
616 1050 758 1118 reliquerit
773 1066 834 1100 eum
846 1050 936 1114 nuilla,
1008 1049 1009 1116 3

140 1134 248 1195 praeter
259 1129 400 1196 auguralis
411 1127 572 1190 sacerdotii,
588 1123 693 1177 honore
702 1125 885 1192 impertitum,
903 1141 938 1176 ae
1008 1123 1009 1172 ζ

139 1219 173 1252 ne
184 1201 309 1253 heredem
321 1203 439 1270 quidem,
445 1203 501 1254 nisi
510 1203 581 1252 inter
590 1201 688 1252 tertios
699 1215 731 1250 aa
745 1215 832 1266 paene
843 1207 936 1250 extra-

138 1292 235 1339 neos‚e
245 1283 323 1344 parte
333 1276 592 1343 sextanuueuparit‚
599 1275 690 1342 legato
697 1291 806 1342 quoque
814 1290 871 1325 non
879 1291 935 1325 am-

139 1352 211 1418 plius
223 1367 303 1419 quam
315 1355 534 1422 octingentorum
545 1350 731 1402 sestertiorum
743 1355 914 1417 prosecutus.

194 1424 228 1475 V.
249 1427 377 1478 Tiberius
393 1433 505 1496 patmus
520 1425 623 1494 petenti
637 1421 755 1476 honores
775 1423 938 1476 consularia

140 1507 301 1552 ornamenta
315 1502 421 1553 detulit.
462 1501 516 1554 Sed
536 1498 683 1551 instantius
703 1499 842 1565 legitimos
856 1497 937 1568 flagi-

138 1576 222 1638 tanti,
233 1576 263 1626 id
273 1576 362 1629 solum
374 1574 509 1648 codicillis
521 1575 674 1642 rescripsit,
689 1571 878 1644 Quadraginta
888 1590 937 1624 au-

139 1666 197 1700 reae
207 1649 235 1700 in
247 1649 401 1702 Saturnalia
417 1660 441 1702 el
458 1649 595 1719 Sigillaria
610 1647 709 1721 ntisieqe
723 1647 755 1698 ei.
795 1649 876 1700 Tune
890 1649 937 1700 de-

138 1739 210 1773 mum
224 1724 332 1774 abiecta
342 1741 389 1792 spe
401 1725 544 1792 dignitatis
555 1723 590 1774 ad
602 1725 689 1775 otium
705 1723 854 1787 concessit,
865 1733 937 1776 ‘mo-

140 1797 214 1848 dein
229 1795 318 1849 hortis
333 1806 360 1850 et
374 1801 545 1864 sulmrbano,
566 1797 649 1850 modo
664 1800 693 1850 in
710 1797 878 1867 Campaniae
894 1816 936 1851 se-

140 1889 218 1924 cessu
232 1873 407 1937 delitescens;
429 1883 509 1944 atque
525 1891 556 1926 ex
574 1874 753 1926 contubernio
774 1869 936 1925 sordidissi-

138 1964 244 1998 morum
265 1947 419 2016 hominmn,
441 1967 522 2018 super
541 1955 658 2002 veterem
680 1949 814 2018 segnitiae
828 1955 935 2014 notam,

139 2024 279 2090 ebrietatis
291 2032 317 2076 et
328 2027 404 2078 aleae
416 2043 525 2096 quoque
536 2025 677 2076 infamiam
690 2025 788 2086 subiit;

194 2097 218 2147 V
221 2099 240 2149 1.
261 2099 351 2168 Quum
362 2103 484 2164 interim,
506 2116 660 2168 quanquam
673 2097 726 2152 hoe
736 2099 819 2152 modo
832 2099 935 2168 agenti,

138 2187 275 2238 nunquam
289 2181 336 2225 aut
347 2177 465 2227 officium
482 2174 634 2240 hominum,
658 2181 704 2226 aut
718 2175 871 2226 reverentia
887 2191 936 2242 pu-

139 2245 211 2296 bliea
224 2247 319 2299 defuit.
358 2249 492 2317 Equester
507 2250 575 2302 ordo
590 2250 634 2301 bis
643 2257 790 2318 patronum
802 2264 863 2300 eum
875 2265 937 2318 per-

139 2321 267 2372 ferendae
281 2339 331 2391 pro
347 2341 376 2375 se
391 2325 538 2392 legationis
553 2325 648 2394 elegit:
669 2324 765 2389 semel,
787 2340 869 2394 quum
890 2324 936 2376 de-

139 2397 302 2462 portandum
318 2398 432 2450 Romam
450 2416 548 2466 eorpus
563 2401 680 2468 Augusti
697 2397 817 2451 humeris
838 2399 897 2450 suis
919 2415 938 2448 a

141 2472 299 2523 oonsulibus
319 2482 510 2540 exposcerent;
534 2475 645 2538 iterum,
667 2490 749 2543 qrmm
772 2490 935 2542 oppressum
1008 2523 1009 2528 ,

139 2545 267 2597 Seianum
283 2549 354 2614 apud
370 2549 479 2602 eosdem
494 2551 706 2618 gratillarentur.
747 2550 820 2611 Quin
835 2555 863 2600 et
873 2565 935 2616 spe-

139 2621 253 2670 ctaculis
269 2623 424 2676 advenienti
439 2639 583 2692 assurgere
602 2631 629 2676 et
648 2623 774 2676 lacernas
795 2623 936 2692 deponere

138 2691 272 2744 solebant.
298 2697 414 2750 Senatus
426 2713 542 2766 quoque,
554 2707 584 2750 ut
596 2698 780 2750 adnumerum
792 2699 934 2750 sodalium

137 2761 325 2828 Augustalium
342 2781 416 2824 sorte
432 2775 575 2825 ductorum
590 2780 668 2826 extra
683 2775 804 2826 ordinem
822 2773 934 2826 addice·
