2050 3034
156 231 205 284 17²
429 237 456 282 G.
478 232 666 284 SUETONll

152 360 211 413 Nee
220 375 341 428 unquam
352 365 459 429 postea,
471 359 689 430 quantiscunque
701 356 734 408 de
743 355 841 422 rebus,
856 371 889 408 ne
899 371 955 426 pro

153 437 286 488 eoneione
297 437 407 505 quidem
417 436 515 504 populi
526 441 574 486 aut
581 433 657 501 apud
667 432 778 496 milites,
783 432 839 482 nisi
845 447 896 499 per
904 425 955 484 nit-

152 529 211 564 men
221 510 355 564 Drusillae
366 512 508 563 deieravit.
547 510 678 577 Reliquas
693 522 805 558 sorores
815 523 867 559 nee
876 508 954 576 eupi-

152 587 240 638 ditate
249 593 328 638 tanta
338 587 553 655 necdignatione
565 584 669 647 dilexit,
675 589 706 634 ut
712 597 781 652 quas
792 598 876 649 saepe
887 597 953 633 exo·
1013 643 1014 648 ¹

151 662 214 712 letis
234 663 291 712 suis
311 663 500 730 prostraverit.
541 661 602 722 Quo
623 657 734 709 facilins
754 673 802 708 eas
822 659 852 708 in
867 673 953 708 eausa

152 736 260 790 Aemilii
271 735 372 802 Lepidi
383 736 583 806 condemnavit,
595 734 675 802 quasi
686 733 835 798 adulteras,
847 737 875 784 et
884 733 951 784 insi-

152 811 258 861 diarum
270 811 402 869 adversus
413 828 441 862 se
454 811 589 863 conscias.
628 808 686 860 Nee
702 807 791 860 solum
809 805 950 876 ehirogra-
1013 809 1014 816 ’

151 884 206 952 pha
217 887 351 950 omniurn,
367 887 501 953 requisita
510 885 608 936 fraude
620 899 652 934 ac
662 889 773 952 stupro,
785 883 950 950 divulgavit,

151 961 199 1011 sed
211 966 237 1012 et
246 968 302 1011 tres
312 961 422 1028 gladios
432 964 461 1013 in
477 977 570 1015 necem
581 975 658 1010 suam
670 965 852 1024 praeparatos
863 957 950 1008 Marti

150 1035 250 1098 Ultori,
263 1036 358 1089 addito
370 1038 472 1104 elogio,
485 1036 664 1088 consecravit.

205 1111 293 1162 XXV.
313 1112 494 1164 Matrimonia
505 1111 673 1163 contraxerit
683 1109 804 1177 turpius,
822 1125 858 1159 an
870 1108 948 1159 dimi-

149 1188 225 1250 serit,
238 1202 272 1237 an
282 1189 409 1251 tennerit,
420 1203 476 1238 non
488 1193 529 1238 est
539 1186 622 1237 facile
633 1185 796 1238 discernere,
836 1182 948 1234 Liviam

150 1261 308 1312 Orestillam
320 1263 349 1312 C.
361 1262 458 1314 Pisoni
467 1263 625 1325 nubentem,
646 1276 729 1328 quum
741 1259 776 1310 ad
787 1259 911 1312 officium
923 1266 949 1309 et

148 1338 208 1404 ipse
217 1338 349 1402 venisset,
371 1339 406 1388 ad
417 1355 446 1389 se
457 1337 556 1390 deduci
566 1336 726 1403 imperavit,
740 1336 870 1400 intraque
880 1349 947 1402 pan-
1013 1353 1014 1404 p

149 1427 196 1462 eos
208 1411 266 1462 dies
277 1413 449 1479 repudiatam
459 1413 571 1464 biennio
583 1418 647 1479 post
657 1410 802 1476 relegavit,
819 1409 895 1478 quod
907 1425 947 1460 re·

148 1486 250 1551 petisse
263 1503 343 1538 usum
358 1489 460 1553 prioris
475 1487 569 1538 mariti
584 1492 707 1552 tempore
722 1484 813 1534 medio
833 1483 947 1535 videbo·
1013 1523 1014 1528 ¹

147 1567 201 1614 tur.
240 1562 295 1612 Alii
305 1563 430 1627 tradunt,
453 1561 605 1613 adhibitum
620 1576 722 1612 coenae
736 1559 857 1626 nuptiali
872 1574 947 1610 man·
1013 1553 1014 1612 J

149 1635 229 1686 dasse
241 1636 277 1686 ad
287 1636 415 1688 Pisonem
428 1643 524 1688 eontra
535 1637 752 1698 accumbentem,
765 1631 828 1686 Noli
836 1650 947 1684 uxorem
1013 1651 1014 1684 ;

148 1725 232 1760 eneam
238 1726 358 1776 premere
364 1728 377 1772 ;
397 1713 544 1779 statimque
559 1729 573 1762 e
585 1711 713 1763 convivio
725 1709 874 1761 abduxisse
886 1725 947 1762 eam

148 1799 240 1835 seeum
252 1801 286 1836 ae
295 1788 422 1852 proximo
435 1787 479 1839 die
490 1787 619 1850 edixisse,
632 1783 834 1836 Matrimonium
845 1784 897 1836 eibi
906 1803 946 1836 re·
1013 1837 1014 1842 ,

145 1868 250 1926 perium
260 1863 374 1929 exemplo
385 1861 492 1914 Romuli
505 1871 532 1914 et
544 1861 669 1931 Augusti.
708 1859 831 1911 Lolliam
842 1857 947 1912 Paulli-

147 1950 223 2000 nam,
245 1937 274 1987 C.
285 1937 416 1990 Memmio
434 1938 586 2001 consulari,
607 1937 742 1989 exereitus
757 1936 878 2001 regenti,
898 1952 946 1986 nu-

147 2017 235 2079 ptam,
256 2011 331 2064 laeta
346 2015 483 2066 mentione
499 2014 577 2064 aviae
592 2013 664 2076 eius,
684 2017 715 2062 ut
730 2010 872 2078 quondam
887 2011 946 2077 pul-

148 2084 311 2151 cherrimae,
332 2089 423 2140 subito
436 2104 469 2140 ex
479 2087 623 2154 provincia
639 2087 777 2149 evocavit,
799 2101 832 2136 ae
847 2087 946 2154 perdu-

148 2166 220 2210 ctam
231 2177 248 2212 a
258 2165 358 2214 marito
371 2163 513 2215 coniunxit
523 2163 590 2226 sibi,
605 2163 734 2228 brevique
745 2162 860 2212 missam
871 2160 946 2225 feeit,

146 2234 294 2288 interdicto
311 2239 472 2305 cuiusquam
487 2237 516 2286 in
536 2243 697 2304 perpetuum
718 2237 803 2286 coitu.
844 2236 947 2287 Caeso-

147 2310 235 2384 niam,
255 2326 341 2376 neque
349 2312 424 2363 facie
436 2312 538 2378 insigni
547 2327 634 2380 neque
646 2317 736 2362 aetate
746 2311 869 2378 integra,
891 2327 947 2362 ma-

146 2390 269 2452 tremque
280 2387 335 2436 iam
347 2403 381 2438 ex
392 2387 448 2439 alio
460 2388 520 2438 viro
531 2389 615 2439 trium
626 2387 754 2450 tiliarum,
760 2386 808 2437 sed
817 2386 947 2438 luxuriae

148 2475 181 2510 ae
190 2460 322 2512 lasciviae
327 2463 460 2527 perditae,
466 2471 493 2514 et
504 2462 644 2514 ardentius
655 2468 682 2513 et
692 2462 865 2512 constantius
872 2478 947 2512 anta-

146 2535 199 2597 vit3
225 2543 256 2586 ut
269 2552 351 2603 saepe
367 2537 512 2605 chlamyde
525 2538 654 2606 peltaque
670 2541 697 2588 et
710 2535 791 2604 galea
808 2543 947 2600 ornatam,

148 2615 175 2658 et
184 2609 263 2662 iuxta
273 2611 489 2678 adequitantem,
510 2613 644 2664 militibus
661 2611 824 2675 ostenderit,
848 2613 948 2664 amieis

146 2697 212 2736 vero
228 2687 312 2738 etiam
326 2690 437 2740 nudam.
477 2689 567 2749 Quam
582 2688 691 2739 enixam
711 2687 811 2738 luxorio
832 2689 948 2740 nonrine

148 2755 340 2826 dignatusest,
355 2779 410 2816 uno
423 2771 504 2833 atque
516 2763 612 2816 eodem
624 2763 667 2813 die
678 2761 833 2830 professus,
850 2769 879 2814 et
889 2779 946 2816 ma-
