2026 3020
110 200 144 266 to
390 217 416 263 c.
439 215 628 263 snsronn

111 342 170 393 bere
180 339 297 392 tornines
307 339 498 393 consideratius
507 343 561 394 iarn
571 339 643 406 loqui
651 356 749 402 seearrr,
771 357 804 392 oe
810 357 861 408 pro
872 342 908 395 le·

108 415 188 485 gitur
202 415 311 478 habere,
333 433 399 482 qaae
414 415 493 468 dieat,
533 417 630 482 quue
645 417 823 483 arrogantiae
844 433 907 486 pro·

109 507 220 558 gressus
236 496 289 555 est,
310 499 352 555 ut,
374 489 520 559 haruspice
535 491 627 542 tristia
641 497 668 542 et
678 492 737 542 siue
749 491 832 543 corde
843 498 908 542 exta

109 582 189 617 sacro
212 565 332 633 quodam
353 567 512 631 nunciante,
531 566 633 638 futare
657 567 760 618 diceret
784 565 905 628 laetiore,

109 657 188 707 quum
203 641 294 702 vellen
318 657 364 693 nee
374 657 425 707 pro
436 651 536 693 ostento
547 641 703 704 ducendum,
726 640 853 708 ripeeodi
862 658 908 696 cor

108 715 241 787 defuisset.

166 789 318 842 LXXVlll.
343 789 445 843 Verum
466 795 642 862 praeeipuam
663 798 690 844 et
709 792 906 859 inexpiabilem

108 866 163 916 sibi
173 865 306 916 invidiam
317 865 382 918 hinc
391 870 510 920 maxime
521 871 616 921 movit.
655 868 793 918 Adernrtes
804 883 833 919 sc
845 883 906 918 cnm

108 941 234 1007 plurimis
255 938 596 1012 honorificentissimisque
621 943 738 994 decretis
762 943 908 994 universos

108 1021 201 1082 putres
213 1017 386 1084 conscriptos
401 1018 498 1070 sedens
513 1036 563 1086 pro
580 1019 648 1074 aede
658 1017 774 1069 Veneris
786 1015 907 1068 Genitri-

109 1092 149 1142 cis
164 1093 280 1160 excepit.
321 1093 439 1154 Quidam
461 1099 572 1160 putant,
593 1098 725 1144 retentum
742 1109 760 1142 a
775 1092 906 1142 Cornelio

107 1166 207 1231 Balbo,
221 1182 304 1233 quum
315 1173 462 1232 conaretur
476 1183 632 1235 assurgere:
653 1168 715 1230 alii,
731 1183 764 1218 ne
776 1173 906 1218 conatum

109 1241 218 1307 quidem
235 1242 361 1305 omnino,
381 1241 528 1292 sedetiam
549 1243 739 1294 admonentem
756 1242 785 1292 C.
802 1242 906 1292 'l'reba-

107 1317 185 1379 tium,
197 1321 228 1365 ut
239 1322 403 1383 assurgeret,
410 1317 499 1367 minus
509 1316 644 1368 familiari
654 1318 731 1370 vultu
742 1316 905 1382 respexisse.

107 1389 193 1457 ldque
213 1389 317 1440 facturn
337 1391 397 1440 cius
417 1397 495 1443 tanto
516 1392 721 1444 intolerabilius
740 1397 782 1442 est
806 1391 904 1455 risum,

109 1463 184 1530 quod
194 1465 266 1531 ipsc,
282 1463 463 1532 triumphanti
477 1473 505 1517 et
519 1467 651 1518 subsellia
666 1466 816 1518 tribunicia
826 1482 904 1533 prae-

108 1537 259 1592 teruehenti
269 1540 416 1591 sibinnunr
427 1556 442 1591 e
453 1541 705 1608 collegioPontinm
713 1541 838 1608 Aquilam
849 1558 904 1592 non

109 1614 306 1680 assurrexisse,
321 1615 390 1666 adeo
402 1614 561 1681 indignatus
571 1618 620 1682 sit,
641 1624 671 1668 nt
682 1616 904 1684 proclamaverit,

108 1687 208 1756 Repete
218 1705 309 1757 ergoo
324 1706 376 1750 rrae,
392 1689 502 1755 Aquila,
524 1691 709 1758 rerrrpnblicam
723 1691 857 1742 tribanus:
877 1700 905 1742 et

109 1780 159 1815 nee
170 1764 307 1815 destiterit
318 1781 366 1831 per
377 1765 522 1817 continuos
538 1767 596 1818 dies
612 1768 758 1834 quicquam
775 1767 903 1834 cuiqnam

109 1839 164 1889 nisi
178 1840 229 1891 surb
243 1840 404 1908 exceptione
418 1840 560 1910 polliceri,
579 1841 603 1891 ri
617 1851 703 1893 torrren
714 1858 763 1908 per
779 1840 905 1892 Pontium

110 1913 234 1980 Aquilam
244 1913 357 1966 licuerit.

165 1989 292 2042 Lxxxx,
312 1992 421 2044 Adiecit
431 1992 466 2042 ad
478 1998 533 2043 tam
548 1992 682 2058 insignem
695 1992 814 2058 despecti
826 2008 904 2044 sena-

109 2071 154 2116 tus
174 2068 368 2118 contumeliam
388 2067 475 2118 nnrlto
491 2068 666 2132 arrogantius
681 2066 793 2118 iactum.
832 2067 904 2117 Nam

110 2155 192 2207 qnnm
204 2142 342 2192 sacrificio
348 2133 509 2192 Latinarum
520 2146 671 2192 revertente
682 2159 714 2193 eo
726 2143 797 2193 inter
807 2141 904 2192 imnro-

110 2215 186 2264 dicas
198 2230 231 2265 ac
241 2231 327 2267 novas
338 2215 434 2282 populi
449 2215 662 2268 acclamationes
674 2217 785 2283 quidam
797 2233 812 2266 c
822 2218 905 2268 turba

110 2295 218 2340 statuae
233 2291 292 2340 eins
308 2305 437 2342 coronam
453 2290 574 2341 lauream
591 2292 709 2343 eandida
722 2290 811 2342 fascia
826 2307 904 2358 prae·

109 2365 222 2431 ligatam
234 2365 423 2433 imposuisset,
444 2372 471 2416 et
481 2365 585 2416 tribuni
595 2368 695 2433 plebis,
717 2366 833 2434 Epidius
844 2367 904 2416 Ma-

109 2439 196 2490 rullus
209 2441 403 2507 Caesetiusque
413 2439 527 2503 Flavus,
540 2457 659 2494 coronae
669 2441 785 2492 fasciam
796 2439 906 2492 detrahi

110 2513 301 2584 hominemque
316 2515 380 2567 duci
394 2515 424 2565 in
436 2515 547 2568 vincula
560 2517 716 2580 iussissent,
738 2516 835 2566 dolens
855 2532 905 2567 sen

110 2605 206 2656 parum
217 2607 349 2660 prospere
358 2596 462 2642 motam
473 2591 552 2657 regni
561 2593 735 2655 mentionem,
747 2591 813 2655 sive,
824 2597 856 2642 nt
866 2589 904 2642 fe·

110 2664 198 2728 rebat,
210 2673 331 2733 ereptam
342 2666 397 2718 sibi
406 2665 525 2733 gloriam
535 2667 694 2730 recusandi,
705 2667 831 2718 tribunos
842 2681 905 2732 gra·

109 2738 180 2790 riter
194 2740 351 2808 increpatos
366 2747 502 2808 potestate
518 2743 648 2809 privavit:
669 2757 755 2809 neque
771 2756 805 2792 ex
818 2756 852 2793 eo
863 2741 904 2790 in-
