2050 3034
151 262 200 318 158
429 263 454 313 o.
480 259 669 314 sunrourl

154 394 251 462 Syriae
271 393 458 462 praepositus,-
483 407 534 442 uec
557 391 733 443 dissimulans
755 388 953 443 offendendum

152 471 206 522 sibi
217 475 266 520 aut
275 475 380 537 patrem
391 474 439 519 aut
449 467 543 530 filiium,
555 467 635 535 quasi
645 467 726 546 plane
736 467 777 517 ita
786 481 900 519 necesse
910 483 952 518 es·

151 552 204 609 set,
226 545 309 596 ctiam
324 559 435 610 aegrum
452 541 645 596 Germanicum
659 542 831 610 gravissimis
851 542 951 594 verbo-

151 637 211 671 rum
227 635 260 671 ac
274 634 365 670 rerum
380 618 593 681 acerbitatibus,
612 617 689 670 nullo
703 615 837 688 ,adnuito
853 618 949 680 modo,

151 694 257 746 affecit:
277 700 390 760 propter
401 708 484 761 quae,
505 699 536 743 ut
546 692 661 744 Romam
677 693 772 756 rediit,
793 693 949 761 paenedis-

151 776 260 837 oerptus
272 784 288 818 a
298 768 412 836 populo,
424 783 440 818 a
451 774 548 818 senatu
559 768 657 834 capitis
669 767 814 818 damnatus
826 775 878 819 est.

205 843 253 894 lll.
274 843 374 894 Omnes
385 841 550 894 Germanico
567 842 691 909 corporis
707 843 847 912 animique
861 844 949 894 virtu·
1009 893 1010 896 ,

149 924 239 982 tes,·et
249 925 366 987 quantas
376 918 480 970 nemini
491 919 630 987 cuiquam,
643 918 792 984 contigisse
803 918 873 969 satis
885 934 949 972 con-

150 1000 218 1045 stat:
243 993 361 1045 formam
376 999 403 1045 et
417 992 607 1044 fortitudinem
628 993 780 1059 egregiam3
806 993 948 1061 ingenium
1009 1041 1010 1044 ,

148 1069 178 1120 in
187 1076 305 1139 utroque
321 1069 494 1137 eloquentiae
509 1067 707 1136 doctrinaeque
716 1082 815 1134 genere
824 1068 949 1136 praecel·
1009 1127 1010 1132 η

149 1145 221 1207 lens3
233 1145 452 1196 benevolentiam
462 1143 629 1210 singularem
641 1143 888 1213 conciliandaeque
899 1141 948 1196 ho·

149 1221 252 1272 minum
267 1219 373 1286 gratiae
389 1233 422 1268 ac
437 1217 611 1285 promerendi
626 1218 728 1268 amoris
742 1218 842 1269 mirum
853 1225 883 1270 et
893 1221 948 1272 effi·

149 1310 201 1346 cax
216 1295 346 1346 studium.
384 1291 502 1344 Formae
516 1291 606 1342 minus
621 1293 790 1360 congruebat
803 1294 949 1360 gracilitas
1009 1287 1010 1292 ’

150 1385 272 1433 crurum,
293 1370 341 1420 sed
356 1384 390 1419 ca
405 1383 515 1437 quoque
528 1367 673 1434 paullatim
693 1366 810 1434 repleta,
833 1370 949 1421 assidua

149 1445 214 1513 equi
223 1445 377 1495 vectatione
387 1449 451 1511 post
463 1443 562 1494 cibuuu
600 1441 717 1494 Hostem
728 1442 853 1494 cominus
863 1461 947 1514 saepe

149 1519 292 1586 percussit.
333 1519 429 1569 Oravit
440 1533 537 1568 causas
553 1518 636 1568 etiam
652 1516 841 1584 triumphalls3
863 1526 947 1590 atque
1009 1519 1010 1522 ’

147 1596 220 1646 inter
230 1599 321 1646 cetera
331 1593 485 1644 studiorum
495 1597 671 1643 monumenta
681 1593 795 1662 reliquit
804 1599 947 1648 etcomoe·
1009 1609 1010 1616 ³

149 1670 210 1720 dias
222 1668 351 1719 Graecas.
391 1666 476 1717 Domi
487 1665 610 1734 forisque
622 1667 723 1730 civilis;
744 1668 833 1720 libera
844 1685 878 1722 ac
888 1669 946 1722 foe·
1009 1663 1010 1666 ¹

149 1744 245 1793 derata
260 1741 364 1810 oppida
379 1742 438 1793 siue
448 1741 593 1794 lictoribus
604 1741 709 1794 adibat.
748 1741 845 1795 Sicubi
856 1745 945 1797 claro·
966 1737 970 1746 ’

148 1834 208 1868 rum
218 1818 340 1868 virorum
351 1817 477 1885 sepulcra
488 1823 677 1884 cognosceret,
688 1816 803 1868 inferias
813 1817 946 1872 Manibus

148 1893 241 1944 dabat.
281 1893 431 1945 (laesorum
446 1892 523 1944 clade
533 1889 657 1944 Variana
671 1898 781 1946 veteres,
792 1909 825 1944 ac
841 1895 945 1963 disper-

146 1985 192 2020 sas
206 1969 338 2037 reliquias
357 1985 412 2020 uno
431 1968 537 2020 tumulo
553 1965 726 2032 humaturus,
748 1968 881 2036 colligere
896 1987 945 2022 sua

146 2061 242 2108 manu,
258 2051 285 2095 ct
301 2050 474 2112 comportare
485 2044 588 2111 primus
600 2058 744 2110 aggressus
756 2050 806 2095 est.
848 2045 943 2097 Obtre-

147 2120 299 2170 ctatoribus
310 2121 405 2183 etiam,
426 2119 628 2186 qualescunque
643 2124 671 2168 et
686 2124 900 2190 quantacunque
910 2121 943 2173 de

146 2209 230 2244 causa
239 2199 337 2244 nactus
348 2199 427 2256 esset,
439 2193 509 2243 lenis
520 2192 589 2242 adeo
602 2199 629 2243 et
638 2193 781 2256 innoxius,
793 2200 825 2245 ut
835 2193 940 2260 Pisoni,

145 2268 254 2318 decreta
265 2283 315 2318 sua
325 2268 503 2330 rescindenti,
525 2267 666 2318 clientelas
678 2269 865 2334 diuuexanti,
887 2288 941 2322 nou

143 2344 221 2412 prius
231 2358 390 2394 succensere
400 2343 429 2392 in
440 2343 561 2393 animum
576 2341 726 2408 induxerit,
749 2358 831 2411 quam
842 2347 940 2397 veneti·

145 2419 195 2469 ciis
211 2433 319 2486 quoque
335 2424 362 2469 et
376 2417 569 2469 devotionibus
583 2419 741 2484 impugnari
751 2434 780 2468 se
792 2420 963 2489 comperis-⁸

144 2499 197 2544 set:
219 2510 251 2545 ac
261 2509 294 2546 ne
304 2500 370 2544 tunc
380 2493 489 2560 quidem
499 2492 573 2542 ultra
587 2507 762 2560 progressus,
779 2509 862 2562 quam
873 2503 940 2547 utet

143 2569 294 2620 amicitiam
305 2569 332 2620 ei
342 2584 417 2620 more
428 2568 564 2618 maiorum
575 2567 762 2632 renunciaret,
782 2570 939 2622 mundaret-

143 2657 195 2708 que
206 2643 364 2696 domesticis
375 2643 516 2715 ultionem,
528 2641 629 2711 siquid
640 2642 695 2692 sibi
706 2642 854 2695 accideret.

197 2717 245 2770 lv.
267 2719 388 2779 Quartum
402 2719 533 2771 virtutum
548 2717 667 2768 functum
681 2717 850 2772 uberrimum
865 2721 937 2786 tulit,

142 2787 183 2844 tic
191 2793 325 2861 probatus
336 2799 363 2846 ct
373 2794 516 2848 dilectura
531 2793 600 2860 suis,
616 2798 647 2846 ut
656 2789 807 2861 Augustus,
825 2797 937 2862 (omitto
