2044 3028
150 177 200 233 tlt
424 181 452 226 c.
480 178 665 227 suanorum

152 306 298 376 capillatus
313 311 392 358 esset.
430 303 524 356 Prima
538 319 647 374 quoqne
666 302 758 356 morbi
778 305 950 371 accessione,

78 385 82 393 '
155 380 218 446 Vae,
230 383 328 451 inquit,
336 390 411 449 puto,
424 379 539 450 denefin.

205 456 306 510 XXIV.
327 456 479 509 Consulatu
493 471 543 507 sno
559 470 632 507 nono
646 460 768 506 tentatus
781 456 812 506 in
830 456 947 527 Campa-

72 553 73 558 *
149 535 196 584 nia
210 532 386 584 motiunculis
401 532 519 595 levibns,
541 547 574 581 ao
587 531 713 598 protinus
727 529 802 583 Urbe
817 533 946 600 repetita,

150 609 266 659 Cutilias
287 601 320 658 ao
339 607 456 658 Reatina
469 621 547 671 rura,
567 607 616 657 ubi
636 605 773 658 aestivare
795 609 946 675 quotannis

149 683 264 745 solebat,
276 683 364 749 petiit.
403 681 470 744 llio,
492 697 574 748 quum
591 692 672 747 super
685 686 830 747 urgentem
840 683 945 734 valetu-

149 759 239 808 dinem
250 757 414 809 oreberrimo
424 755 542 824 frigidae
557 771 646 824 aquae
654 771 708 806 usu
718 757 803 807 etiam
813 756 946 808 intestina

148 833 284 894 vitiasset,
305 847 355 883 neo
375 848 407 883 eo
423 833 512 882 minus
533 831 689 883 inuneribns
703 831 896 898 imperatoriis
912 848 945 884 ex

149 907 344 959 consuetudine
354 906 524 975 frmgeretur,
535 913 567 957 ut
576 907 657 958 etiam
670 906 825 974 legationes
836 907 945 958 audiret

149 982 264 1045 corbana,
286 983 348 1033 alvo
362 988 473 1051 repente
490 997 577 1049 usque
593 981 628 1032 ad
643 980 826 1033 deiectionem
842 982 944 1046 soluta,

80 1095 85 1106 .
147 1057 343 1124 imperatorem,
366 1059 417 1122 ait,
438 1066 550 1108 stantem
565 1056 633 1107 mori
647 1066 775 1124 oportere.
816 1056 944 1125 Dumque

148 1133 302 1200 consurgit,
324 1148 357 1183 ae
368 1133 476 1196 nititur,
496 1133 567 1183 inter
578 1147 674 1182 manus
684 1131 888 1183 sublevantium
901 1148 944 1184 ex-

147 1209 261 1260 stinctus
272 1213 314 1258 est
324 1208 371 1258 IX.
383 1206 522 1258 Kalendas
532 1206 609 1270 lulii,
622 1221 721 1257 annum
733 1221 832 1273 gerens
845 1209 944 1259 aetatis

146 1285 343 1352 sexagesimum
356 1298 388 1334 ac
398 1298 512 1346 nonum,
533 1297 668 1348 superque
678 1297 810 1344 inensem,
827 1298 862 1334 ae
873 1283 943 1335 diem

146 1358 299 1424 septimum.
389 1414 392 1419 Δ

202 1431 289 1484 XXV.
310 1434 444 1486 Convenit
453 1434 525 1485 inter
536 1449 641 1496 omnes,
652 1439 709 1484 tam
721 1438 825 1484 certum
837 1449 900 1486 eum
911 1435 943 1488 de

147 1524 196 1559 sna
207 1523 373 1577 suorumque
383 1509 508 1576 genitum
519 1524 625 1575 semper
639 1507 737 1571 fuisse,
758 1513 790 1559 ut
800 1516 867 1575 post
878 1512 943 1561 assi-

147 1585 215 1634 duas
224 1586 253 1634 in
264 1599 293 1634 se
305 1585 508 1635 coniurationes
524 1599 607 1634 ausus
621 1583 659 1634 sit
673 1583 810 1633 affirmare
825 1587 942 1649 senatui,

147 1658 271 1726 ontfilr'os
281 1658 332 1708 sibi
340 1674 509 1721 successuros,
521 1668 570 1710 aut
579 1657 714 1710 neminem.
736 1658 850 1709 Dicitur
861 1661 944 1712 etiam

146 1735 246 1784 vidisse
252 1733 390 1801 qnondam
401 1750 450 1802 per
456 1735 573 1802 quietem
585 1734 855 1785 stateram'inmedia
866 1743 943 1803 parte

146 1809 274 1860 vestibuli
289 1807 433 1861 Palatinae
449 1810 545 1861 domus
561 1810 680 1874 positam
696 1810 822 1860 examine
843 1825 942 1879 aequo,

147 1900 228 1950 quum
238 1885 267 1935 in
279 1884 366 1936 altera
376 1885 454 1936 lance
466 1884 597 1935 Claudius
608 1891 635 1935 et
644 1883 718 1935 Nero
730 1890 848 1948 starent,
864 1886 895 1936 in
906 1887 942 1936 al-

146 1969 205 2010 tera
214 1961 273 2028 ipse
285 1960 317 2009 ao
333 1960 393 2010 filii.
432 1959 489 2011 Nee
503 1975 547 2010 res
561 1957 674 2021 fefellit,
695 1959 808 2025 quando
824 1962 943 2012 totidem

147 2036 224 2084 urinis
236 2036 350 2102 parique
360 2035 492 2102 temporis
507 2033 597 2100 spatio
608 2027 718 2103 utrique
727 2035 942 2102 imperaverunt.

445 2339 659 2404 «ψ»-
