2050 3034
312 185 514 232 CALIGULA.
531 214 534 218 -
551 184 628 232 oAP.
648 184 763 232 le—lc.
882 179 932 235 lit

127 325 181 378 pro
193 309 330 362 concione
340 310 468 375 laudato,
478 309 662 376 funeratoque
674 309 854 376 amplissime,
867 325 930 362 con.

126 386 223 437 festim
233 385 430 436 Pandateriam
446 390 473 436 et
483 383 600 436 Pontias
611 384 647 435 ad
657 382 862 434 transferendos
873 400 930 434 ma-

125 461 179 512 ttis
189 459 342 529 fratrisque
354 462 458 511 cineres
468 460 623 523 festinavit,
635 465 797 527 tempestate
807 458 927 522 turbida,

127 551 183 603 quo
194 537 285 603 magis
299 537 390 603 pietas
405 535 548 586 emineret:
570 535 694 604 adiitque
708 533 925 598 venerabundus,

127 626 161 661 ac
173 625 224 678 per
238 617 325 662 semet
338 612 367 662 in
381 625 465 661 urnas
480 610 614 662 condidit.
652 609 711 662 Nec
724 610 830 661 minore
845 625 928 660 scena

127 685 249 750 Ostiam,
269 687 393 754 praefixo
408 687 437 736 in
452 685 564 738 biremis
579 702 670 754 puppe
682 685 799 748 vexillo,
821 690 849 736 et
862 684 926 735 inde

125 759 244 812 Romam
250 761 347 812 Tiberi
357 762 511 823 subvectos,
517 776 566 827 per
576 761 827 828 splendidissimum
834 775 925 827 quem-

126 851 179 902 que
189 836 326 902 equestris
337 836 452 899 ordinis,
463 836 554 887 medio
566 851 599 887 ac
609 836 746 903 frequenti
756 836 809 899 die,
816 835 924 887 duobus

125 910 238 961 ferculis
248 909 394 962 Mausoleo
405 911 508 962 intulit.
547 911 717 977 Inferiasque
727 909 770 961 his
781 924 873 961 annua
882 925 923 960 re-

125 985 230 1051 ligione
241 985 351 1053 publice
361 987 494 1037 instimit:
515 992 542 1036 et
552 1001 585 1038 eo
597 985 715 1051 amplius
725 985 922 1036 matriCircen-

124 1076 180 1124 ses,
193 1066 421 1130 carpentumque,
433 1075 488 1129 quo
500 1061 529 1110 in
539 1075 641 1128 pompa
651 1059 849 1111 traduceretur.
887 1059 923 1110 nt

53 1199 57 1206 Ι
123 1137 151 1185 in
165 1137 329 1187 memoriam
343 1137 431 1206 patris
445 1135 632 1202 Septembrem
646 1150 767 1186 mensem
783 1133 921 1184 Germani-

123 1227 182 1261 cam
193 1211 353 1280 appellarit.
386 1211 457 1262 Post
465 1209 534 1261 haec
543 1211 679 1262 Antoniae
690 1211 778 1274 aviae,
790 1209 922 1276 quicquid

123 1301 244 1355 unquam
256 1285 338 1336 Liria
348 1287 472 1353 iugulata
482 1285 616 1337 bonorum
632 1286 761 1352 cepisset,
776 1299 831 1336 uno
843 1299 920 1335 sena·
1007 1293 1008 1300 ’

123 1367 166 1410 tus
177 1361 306 1412 consulto
318 1362 464 1428 congessit.
494 1360 624 1412 Patrnum
636 1359 790 1424 Claudiurn,
802 1361 921 1428 equitem

121 1435 277 1487 Romanum
292 1438 326 1487 ad
341 1437 371 1486 id
384 1441 504 1505 tempus,
526 1437 661 1502 collegam
671 1437 726 1487 sibi
736 1437 765 1486 in
777 1436 923 1486 consulatu

124 1512 280 1578 assumpsit.
319 1512 443 1564 Fratrem
459 1511 602 1562 Tiberium
616 1512 662 1562 die
676 1510 765 1562 virilis
780 1517 863 1576 togae
874 1511 921 1560 ad-

123 1588 243 1652 optavit,
266 1583 468 1654 appellavitque
476 1587 622 1654 principem
633 1585 784 1638 intendetis.
824 1585 866 1635 De
877 1601 921 1636 so-

120 1662 232 1712 roribus
244 1667 342 1712 auetor
352 1661 412 1724 fuit,
419 1669 451 1712 ut
462 1663 588 1714 omnibus
599 1663 777 1714 sacramentis
788 1661 921 1712 adiicere-

120 1741 178 1787 tur:
200 1733 293 1801 Neque
302 1753 343 1786 nee
357 1735 501 1803 liberosque
514 1754 584 1788 mcor
594 1737 710 1789 rumores
721 1737 828 1798 habebo,
842 1751 920 1803 quam
1000 1745 1002 1749 ’

121 1809 217 1862 Cotum
227 1810 310 1862 babeo
322 1821 346 1862 et
357 1827 458 1862 sorores
469 1811 539 1862 eius.-
553 1814 619 1863 item
629 1813 811 1868 relationibus
823 1827 920 1862 consu-

119 1886 189 1936 lum:
214 1886 293 1950 Quod
302 1885 522 1956 bonumfela'uque
532 1886 568 1936 sit
578 1886 607 1936 0.
616 1886 727 1936 caesari
736 1885 918 1951 sororibusque

120 1961 184 2012 eiua
225 1960 292 2011 Pari
308 1962 494 2030 popularitate
509 1961 655 2012 damnatos
672 1961 864 2028 relegatosque
878 1975 919 2010 re·
984 1961 1003 2020 j

120 2037 224 2087 stituit:
246 2037 457 2105 criminumque,
478 2037 569 2104 siqua
584 2035 696 2087 residua
706 2051 740 2086 ex
750 2036 843 2102 priore
852 2040 919 2085 tern-

119 2127 188 2180 pore
199 2111 360 2177 manebant,
373 2113 492 2164 omnium
504 2113 623 2180 gratiam
633 2111 708 2164 fecit.
749 2112 919 2162 Commenta·

119 2189 177 2238 rios
195 2187 231 2236 ad
246 2188 343 2238 matris
357 2187 527 2257 fratnumque
542 2203 655 2239 suorum
671 2203 769 2239 causas
783 2187 919 2254 pertinen·

120 2267 175 2326 tes,
190 2278 225 2313 ne
241 2264 287 2313 cui
297 2262 472 2331 postmodum
484 2263 604 2315 delatori
614 2263 736 2314 auttesti
747 2267 869 2314 maneret
878 2261 918 2310 ul-

121 2335 163 2386 lus
173 2343 272 2402 metus,
285 2343 432 2390 convectos
443 2339 472 2387 in
481 2338 586 2402 forum,
602 2344 703 2390 etanta
714 2338 788 2388 clare
800 2337 919 2387 obtesta-

120 2417 164 2462 tus
182 2411 263 2476 deos,
283 2429 372 2484 neque
387 2413 487 2479 legisse
506 2429 595 2483 neque
616 2414 742 2480 attigisse
763 2411 918 2478 quicquam,

120 2489 315 2538 concremavit.
354 2487 493 2538 Libellum
509 2489 542 2539 de
557 2489 647 2539 salute
662 2503 713 2538 sua
728 2484 852 2536 oblatum
862 2499 918 2536 non

119 2563 232 2630 recepit,
245 2563 426 2625 contendens,
437 2561 505 2613 nibil
513 2563 564 2614 ribi
573 2562 726 2622 admissum,
738 2575 786 2610 cur
796 2558 918 2625 cuiquam

119 2635 219 2688 inuitur
230 2647 310 2690 erret.-
319 2637 528 2705 negavitque,se
539 2636 710 2687 delatoribus
722 2649 802 2685 aures
807 2632 918 2685 habere.
1007 2685 1008 2694 ,

174 2711 249 2767 XVI.
271 2712 408 2781 spintrias
419 2716 637 2762 monstrosarum
652 2709 811 2773 libidinum,
828 2723 917 2776 aegre,
