2050 3034
248 783 278 835 G.
308 781 539 835 sunroull
567 777 871 843 'inruentum

323 939 792 994 LIBER-QUINTUS·

170 1093 526 1161 Truentus
574 1091 954 1162 onnuorus

354 1263 539 1336 ouusus
569 1263 755 1319 crusna.

466 1445 643 1455 ..........
1013 1443 1014 1501 i

213 1585 234 1636 1.
254 1557 380 1640 Patrem
392 1583 502 1634 Claudii
513 1581 641 1634 Caesaris
651 1581 782 1649 Drusum,
795 1581 862 1634 olim
873 1583 960 1637 Deci-

158 1676 244 1724 mum,
265 1674 329 1710 mox
340 1658 476 1710 Neronem
487 1657 677 1726 praenomine,
692 1655 786 1722 Livia,
807 1674 893 1727 quum
903 1659 960 1712 Au·
1011 1661 1012 1681 ¹

157 1739 238 1800 gusto
249 1734 365 1802 gravida
375 1733 525 1801 nupsisset,
537 1734 611 1784 intra
620 1747 739 1783 mensem
750 1733 862 1784 tertium
873 1751 958 1804 pepe·
1010 1761 1011 1771 κ

158 1810 206 1870 rit3
222 1807 328 1878 fuitque
340 1810 472 1878 suspicio,
484 1823 517 1861 ex
528 1809 627 1858 vitrico
638 1823 688 1876 per
699 1807 830 1860 adulterii
840 1825 958 1862 consue·
1009 1839 1010 1863 ι

157 1884 468 1952 tudinemproereatum.
480 1881 958 1973 Statimqertevulgatusestversus:
1008 1919 1009 1953 ,

289 1955 384 2016 Tom'
359 1976 413 2008 ευτι
415 1959 495 2022 χοῦσι
505 1955 548 2006 καὶ
558 1955 672 2024 τρὶμηνα
682 1955 785 2006 παιδία
1007 1999 1008 2002 ,

157 2035 183 2086 ls
199 2034 329 2087 Drusus
320 2052 350 2088 ru
369 2039 534 2106 quaesturae
552 2038 752 2100 praeturaeque
772 2030 879 2086 honore
900 2035 959 2086 dux

157 2110 274 2173 Raetici,
286 2109 383 2162 deinde
395 2107 552 2160 Germanici
561 2105 636 2171 belli,
648 2122 780 2158 oceanum
792 2112 959 2177 septentrio
1005 2151 1006 2156 ,

157 2185 248 2236 nalem
262 2185 366 2252 primus
381 2184 569 2236 Romanorum
590 2182 687 2232 ducum
702 2183 858 2250 navigavit3
877 2191 959 2237 trans

158 2257 281 2308 Rhenum
291 2258 382 2309 fossas
393 2259 459 2309 novi
469 2259 518 2309 et'
508 2257 636 2308 nnmensi
650 2257 742 2324 operis
757 2255 862 2323 effecit,
886 2276 960 2329 quae

158 2349 231 2383 nune
244 2330 333 2383 adhue
346 2331 482 2384 Drusinae
501 2337 646 2383 vocantur:
670 2329 777 2382 hostem
799 2334 884 2386 etiam
903 2335 961 2387 fre·

93 2443 95 2446 -
159 2413 272 2474 quenter
292 2423 454 2474 eaesrunac
473 2408 581 2475 penitus
604 2407 633 2456 in
652 2407 765 2457 intimas
789 2407 959 2462 solitudines

159 2488 249 2532 actum
259 2498 315 2533 non
326 2483 402 2550 prius
413 2482 520 2534 destitit
532 2481 653 2549 insequi,
675 2496 757 2548 quam
771 2484 878 2551 speeies
892 2486 959 2537 bar-

157 2557 242 2609 barae
253 2557 388 2622 mulieris,
409 2556 529 2608 humana
544 2556 674 2625 amplior,
693 2557 827 2609 victorem
841 2559 959 2612 tendere
991 2606 995 2617 .

158 2629 231 2680 ultra
251 2648 376 2684 sermone
396 2631 497 2684 Latino
522 2628 716 2699 prohibuisset.
757 2631 833 2694 Quas
854 2634 892 2686 ob
912 2651 958 2687 res
1000 2665 1001 2677 κ

151 2687 289 2756 'orandi'
279 2721 323 2756 rus
343 2712 371 2758 et
388 2705 591 2775 triumphalia
587 2712 747 2758 ornamenta
760 2709 898 2776 percepit3
922 2726 958 2761 ac
991 2722 997 2769 ,·

159 2783 223 2840 post
232 2784 398 2848 praenuam,
410 2781 572 2835 confestim
564 2782 634 2833 mito
646 2781 898 2854 consulatumque
909 2801 955 2836 ex
991 2774 999 2859 ’χ

997 2901 998 2947 i
