2044 3028
142 131 191 184 33⁰
418 133 446 178 G.
469 131 652 179 SUETONII

142 256 238 320 modo,
259 256 307 306 sed
317 257 400 307 etiam
414 255 590 308 liberalitatis
600 257 793 325 experimenta.
834 251 937 306 Omnes

141 332 215 382 circa
225 346 254 381 se
264 330 419 398 largissime
429 338 601 400 prosecutus,
617 329 687 382 nihil
696 332 775 397 prius
784 335 834 380 aut
844 331 936 381 acrius

141 407 260 470 monuit,
281 422 363 473 quam
382 422 416 457 ne
436 407 502 474 quid
517 408 628 458 sordide
642 405 773 458 facerent.
813 404 935 456 Relictas

141 482 195 532 sibi
205 480 376 533 heredidates
383 482 465 546 abiis,
472 479 571 548 quibus
578 482 811 544 liberierantnon
822 480 935 546 recepit.

141 555 275 624 Legatum
291 557 373 607 etiam
385 571 417 608 ex
432 563 595 609 testamento
606 557 690 606 Rusci
701 555 866 623 Caepionis,
889 555 936 622 qui
1005 613 1006 624 γ

142 638 259 695 caverat,
270 637 302 682 ut
312 631 459 698 quotannis
473 632 689 700 ingredientibus
701 630 813 682 Curiam
825 635 936 682 senato·
1005 625 1006 660 3

139 707 215 756 ribus
227 713 327 756 certam
339 721 470 756 summam
485 708 588 759 viritim
602 711 755 775 praestaret
769 703 849 757 heres
861 721 934 768 suus,

139 780 247 831 irritum
257 778 331 830 fecit.
369 781 455 846 Reos,
477 783 526 849 qui
541 789 603 834 ante
614 781 831 850 quinquennium
842 781 935 846 proxi·

139 870 210 906 mrim
223 853 295 922 apud
307 855 443 908 aerarium
453 859 658 924 pependissent,
680 857 826 908 universos
837 856 934 906 discri-

138 930 210 980 mine
220 929 360 993 liberavit3
379 948 430 982 nee
439 933 537 998 repeti,
559 932 613 983 nisi
626 933 700 984 intra
710 947 824 995 annum,
847 945 933 999 eaque

139 1005 296 1057 conditione
306 1007 442 1071 permisit,
461 1012 493 1057 ut
503 1008 671 1072 accusatori,
692 1007 740 1074 qui
754 1021 868 1057 caussam
879 1021 934 1056 non

137 1085 252 1145 teneret,
264 1081 391 1132 exsilium
400 1096 491 1149 poena
501 1088 581 1134 esset.
620 1081 732 1134 Scribas
745 1082 933 1148 quaestorios,

137 1157 308 1223 negotiantes
319 1170 352 1206 ex
363 1157 572 1221 consuetudine,
589 1157 637 1208 sed
647 1163 744 1209 contra
756 1155 887 1208 Clodiam
896 1155 933 1206 le·
1005 1207 1006 1212 ,

137 1247 206 1298 gens,
217 1231 298 1283 venia
306 1232 336 1282 in
346 1232 522 1297 praeteritum
533 1232 656 1284 donavit.
694 1231 851 1296 subsiciva,
863 1247 933 1299 quae

138 1307 234 1357 divisis
254 1323 303 1373 per
321 1312 465 1359 veteranos
490 1309 564 1374 agris
589 1307 705 1375 carptim
730 1306 931 1374 superfuerant,

139 1381 275 1432 veteribus
284 1383 500 1448 possessoribus,
511 1390 542 1433 ut
551 1388 693 1450 usucapta,
706 1382 853 1433 concessit.
886 1379 931 1432 Fi-

138 1455 225 1508 scales
246 1457 397 1508 calumnias
417 1461 516 1524 magna
536 1457 759 1510 calumniantium
780 1460 874 1523 poena
890 1471 932 1506 re-

138 1532 250 1598 pressit:
270 1531 462 1598 ferebaturque
472 1548 525 1583 von
537 1535 609 1584 eius:
625 1531 761 1600 princeps,
777 1530 827 1598 qui
835 1533 932 1582 delato·

137 1622 178 1656 res
188 1623 240 1658 uon
251 1606 374 1674 configat,
386 1605 486 1658 irritat.

192 1755 227 1806 X.
248 1755 301 1808 Sed
321 1771 408 1822 neque
423 1757 452 1806 in
468 1757 628 1810 clementiae
642 1773 730 1824 neque
749 1758 778 1808 in
793 1757 933 1809 abstinen-

136 1831 192 1882 tiae
206 1837 302 1882 tenore
315 1831 478 1898 permansit:
498 1839 630 1884 ettamen
650 1833 792 1899 aliquanto
816 1833 933 1884 celerius

139 1906 172 1955 ad
183 1905 325 1958 saevitiam
338 1907 463 1972 descivit,
474 1923 555 1974 quam
567 1907 602 1957 ad
614 1907 800 1974 cupiditatem.
840 1907 932 1958 Disci-

138 1981 231 2048 pulum
242 1980 352 2032 Paridis
361 1983 536 2049 pantomimi,
558 1997 704 2049 pauperem
718 1981 810 2033 adbuc
824 1988 854 2034 et
867 1990 933 2034 tunc

140 2057 339 2121 quummaxime
351 2073 474 2123 aegrum,
496 2058 570 2124 quod
585 2063 644 2108 arte
658 2055 801 2124 formaque
817 2073 875 2109 non
886 2059 932 2108 ab·

139 2131 236 2180 similis
250 2133 382 2198 magistro
398 2132 554 2196 videbatur,
571 2132 683 2183 occidit:
703 2132 769 2183 item
780 2132 933 2199 Hernroge-
1005 2155 1006 2174 r

138 2219 199 2255 nem
215 2206 390 2268 Tarsensem,
411 2213 524 2275 propter
539 2207 671 2274 quosdam
686 2207 715 2257 in
730 2205 850 2258 historia
865 2209 932 2274 ligu·
1005 2195 1006 2218 ³

138 2294 198 2344 ras3
217 2280 339 2331 librariis
350 2282 445 2345 etiam,
463 2284 510 2347 qui
520 2297 580 2333 eam
591 2282 804 2350 descripserant,
826 2283 932 2335 munb-

137 2356 190 2406 xis.
235 2355 481 2420 Patremfamilias,
507 2357 579 2424 quod
604 2355 738 2408 Thracem
768 2358 933 2410 mirmilloni

138 2445 243 2496 parem,
268 2433 422 2483 munerario
446 2432 577 2498 imparem
598 2433 716 2496 dixerat,
743 2427 931 2486 detractume
1005 2479 1006 2486 ,

138 2505 302 2571 spectaculis
321 2506 350 2556 in
371 2521 494 2570 arenam,
520 2507 633 2558 canibus
654 2507 768 2572 obiecit,
796 2523 856 2560 cum
877 2506 932 2560 hoc

137 2577 234 2629 titulo:
260 2578 343 2646 impie
364 2583 465 2633 locutus
478 2582 665 2648 parmularius.
707 2583 870 2652 Complures
890 2599 931 2638 se·

136 2659 259 2718 satores,
280 2655 309 2704 in
329 2653 371 2707 bis
392 2656 499 2722 aliquot
519 2657 690 2723 consulares,
714 2658 867 2713 interemit:
897 2673 931 2713 ex
