2044 3028
245 133 249 141 '
278 135 533 186 DOMITIANUS.
570 141 646 186 CAP.
665 141 746 186 t-a
860 136 933 190 329'

108 263 272 330 promiscue
285 265 315 314 in
330 265 421 331 equite
432 265 574 330 spectandi
583 262 712 314 inhibuit.
752 264 860 332 Scripta
870 265 910 314 fa·

108 353 194 390 mosa
203 339 342 406 vulgoque
353 339 440 404 edita,
462 341 561 406 quibus
576 339 709 406 primores
724 339 778 389 viri
792 355 824 389 ac
834 339 910 390 femi-

109 429 165 464 nae
177 415 358 478 notabantur,
380 415 513 478 abolevit,
534 430 589 465 non
604 415 663 465 sine
679 415 909 480 auctorumigno-

110 490 210 539 minia.
251 489 446 550 Quaestorium
456 491 558 554 vinnm,
580 489 654 557 quod
664 489 847 556 gesticulandi
856 487 909 538 sal-

110 564 248 633 tandique
259 565 351 616 studio
363 570 508 629 teneretur,
520 567 607 616 movit
617 571 723 615 senatu.
762 564 909 616 Probrosis

110 639 226 708 feminis
235 639 350 692 lecticae
359 657 438 690 usmn
450 641 560 704 ademit,
571 641 669 708 iusque
680 639 807 706 capiendi
817 639 909 706 legata

110 711 344 782 hereditatesque.
375 715 508 782 ¹Equitem
519 715 672 766 Romanum
683 715 718 765 ob
729 715 871 766 reductam
880 715 909 764 in

111 789 319 840 matrimonium
330 803 457 852 uxorem,
470 791 515 839 oui
525 790 655 840 dimissae
666 790 796 841 adulterii
808 790 908 840 crimen

110 864 281 928 intenderat,
296 865 381 916 erasit
390 865 512 915 iudicum
523 864 597 914 albo.
637 865 778 924 Quosdam
789 880 821 916 ex
832 872 907 915 utro-

111 956 166 1006 que
192 939 288 991 ordine
311 939 371 1006 lege
392 939 758 991 Scantiniacondemnavit.
800 940 907 990 Incesta

110 1013 267 1067 Vestalium
287 1014 437 1081 virginum,
459 1029 475 1063 a
495 1021 573 1081 patre
593 1028 701 1082 quoque
716 1029 766 1063 sno
782 1021 809 1064 et
822 1013 907 1063 fratre

110 1090 251 1156 neglecta,
272 1090 347 1140 varie
362 1105 395 1140 ac
409 1105 501 1140 severe
517 1090 651 1150 coercuit3
678 1089 774 1155 priora
794 1089 907 1154 capitali

111 1164 260 1232 supplicio,
271 1165 428 1232 posteriora
438 1180 514 1216 more
524 1165 619 1214 veteri.
653 1162 724 1214 Nam
735 1179 817 1230 quum
829 1163 906 1214 Ocel-

111 1241 178 1290 latis
189 1241 341 1304 sororibus,
352 1241 418 1292 item
428 1238 601 1303 Varenillae,
613 1239 729 1288 liberum
739 1239 835 1288 mortis
846 1254 906 1306 per-

112 1315 234 1365 misisset
245 1315 397 1378 arbitrium,
403 1321 631 1380 cornrptoresque
642 1328 735 1364 earum
744 1314 905 1380 relegasset:

112 1404 179 1440 mox
185 1390 349 1453 Corneliam,
360 1390 493 1456 virginem
502 1389 820 1452 maximam,absolutam
831 1389 906 1451 olim,

113 1463 213 1514 dehine
227 1464 310 1531 longo
324 1464 469 1516 intervallo
484 1465 627 1532 repetitam
643 1470 724 1530 atque
745 1465 905 1526 convictam,

113 1539 210 1590 defodi
222 1539 380 1607 irnperavit3
406 1546 630 1606 stupratoresque
644 1539 730 1606 virgis
744 1540 773 1588 in
793 1539 905 1590 comitio

113 1614 149 1665 ad
160 1629 252 1665 necem
265 1615 355 1678 caedi,
376 1624 490 1681 excepto
500 1615 640 1681 praetorio
652 1615 712 1665 viro
719 1653 727 1678 ,
748 1615 805 1678 cui,
822 1615 907 1664 dubia

112 1690 264 1740 etiamtum
276 1703 368 1751 carisa,
380 1696 408 1738 et
416 1689 528 1738 incertis
540 1691 746 1754 quaestionibus
758 1695 839 1759 atque
850 1697 905 1740 tor-

112 1764 212 1814 mentis
223 1765 256 1814 de
266 1768 352 1814 semet
360 1762 485 1829 professo
492 1800 500 1825 ,
521 1764 647 1814 exsilium
661 1765 784 1815 indulsit.
824 1765 862 1814 sle
872 1781 906 1814 ne

30 1848 36 1857 '
112 1854 169 1906 qua
178 1839 276 1906 religio
288 1836 368 1890 desim
377 1839 487 1904 impune
498 1838 737 1901 contaminaretur,
748 1853 905 1889 monumen-

111 1921 179 1977 tum,
192 1914 266 1979 quod
275 1913 390 1964 libertus
401 1913 460 1966 eius
470 1927 485 1963 e
495 1911 647 1978 lapidibus,
659 1912 759 1976 templo
773 1912 906 1977 Capitoli·

111 1989 142 2039 ni
151 1988 225 2040 lovis
237 1989 392 2052 destinatis,
413 1987 471 2038 lilio
483 1992 666 2050 exstruxerat,
683 1987 768 2036 dirurit
776 2003 826 2053 per
835 1987 905 2036 mili-

112 2072 163 2126 tes,
176 2078 293 2130 ossaque
304 2069 332 2114 et
340 2063 484 2129 reliquias,
496 2077 566 2131 quae
576 2061 692 2125 inerant,
703 2062 775 2111 mari
784 2061 886 2112 mersit.

169 2139 216 2188 lx.
237 2137 310 2189 lnter
324 2138 406 2188 initia
418 2137 589 2206 usqueadeo
609 2138 643 2188 ab
663 2137 738 2188 omni
756 2136 838 2188 caede
860 2138 906 2186 eb-

77 2211 81 2219 “
112 2213 252 2278 horrebat,
263 2218 295 2264 ut
305 2214 416 2264 absente
427 2210 516 2264 adbuc
526 2219 612 2279 patre,
623 2212 785 2264 recordatus
794 2209 906 2278 Virgilii

111 2305 230 2353 versum,

171 2363 257 2430 impie
267 2379 345 2430 quum
355 2361 437 2414 eaesis
445 2378 511 2430 geas
522 2371 561 2414 ert
571 2364 675 2430 spelm
685 2361 812 2414 iuvencis:

114 2439 222 2490 edicere
232 2439 423 2502 destinaverit,
444 2454 476 2488 ne
491 2437 564 2488 boues
577 2437 783 2489 immutarentur.
824 2437 905 2503 Cupi-

115 2515 210 2566 ditatis
225 2529 334 2582 quoque
350 2521 432 2580 atque
447 2512 580 2564 avaritiae
595 2513 642 2564 vix
661 2513 845 2581 suspicionem
864 2513 905 2562 ul-

114 2590 181 2653 lam,
204 2595 252 2640 ant
261 2589 384 2655 privatus
393 2599 528 2656 unquam,
540 2593 588 2638 ant
597 2589 724 2655 princeps
735 2587 906 2655 aliquamdiu

115 2664 202 2728 dedit3
222 2665 278 2717 imo
294 2681 309 2716 e
325 2664 432 2718 diverso
446 2677 547 2730 magua
562 2679 643 2732 saepe
657 2679 713 2715 non
724 2663 905 2717 abstinentiae
