2026 3020
211 257 344 304 lULlUS
373 257 532 304 CAESAR.
569 257 783 315 CAP.44-49.
864 257 897 309 25

94 393 185 436 ranae
199 387 331 450 perpetuo
346 383 505 452 gestandae.
543 381 636 432 Etiam
652 382 727 433 cultu
745 385 896 438 notabilem

93 459 205 511 ferunt:
225 473 302 508 usum
319 461 391 510 euim
405 459 464 510 lato
480 460 559 510 olavo
576 457 611 507 ad
626 472 723 508 manus
742 459 895 524 fimbriato3

92 549 147 584 nee
158 537 191 582 ut
201 547 320 600 unquam
332 534 413 586 aliter
424 549 506 600 quam
521 548 604 600 super
618 547 679 584 eum
695 533 856 600 cingeretur,
867 541 895 586 et

93 607 210 676 quidem
229 607 347 659 fluxiore
367 609 499 660 cinctura.
537 607 615 658 Unde
636 623 778 658 emanasse
799 608 892 660 Sullae

94 683 201 736 dictum
214 679 364 751 [constat],
382 682 528 749 optimates
542 683 653 749 saepius
664 683 849 749 admonentis,
864 693 895 735 ut

94 757 163 808 necle
169 756 354 822 praecinctione
360 771 472 824 puerum
483 765 613 808 caverent.

151 830 253 882 XLVI.
273 831 420 882 llabitavit
429 832 518 897 primo
529 833 559 883 in
570 831 692 895 Saburra,
713 833 831 885 modicis
849 850 891 886 ae·

95 907 191 968 dibus3
211 911 277 972 post
292 911 382 956 autem
396 905 586 972 pontificatum
602 907 750 958 maximum
765 909 794 959 in
813 923 894 960 sacra

93 982 155 1043 via,
181 980 265 1030 domo
290 978 410 1046 publica.
448 979 648 1032 Munditiarum
668 981 894 1050 lautitiarumque

96 1054 333 1106 studiosissimum
342 1054 422 1104 multi
432 1054 625 1120 prodiderunt:
645 1054 741 1106 villam
755 1057 784 1106 in
794 1056 894 1108 Nemo·

96 1130 185 1193 rensi,
208 1144 226 1180 a
240 1127 425 1181 fundamentis
436 1127 595 1178 inchoatam
617 1143 771 1196 magnoque
786 1138 897 1197 sumptu

96 1205 266 1267 absolutam,
278 1204 409 1270 quianon
419 1209 480 1254 tota
490 1203 527 1254 ad
538 1204 658 1254 animum
670 1204 695 1254 ei
705 1205 894 1271 responderat,

94 1285 186 1331 totam
198 1278 329 1342 diruisse,
351 1291 508 1360 quanquam
522 1284 631 1330 tenuem
642 1275 732 1330 adhuc
743 1287 770 1330 st
781 1281 893 1332 obaera-

94 1361 169 1406 tum:
197 1353 228 1404 in
248 1353 469 1420 expeditionibus
488 1353 630 1406 tessellata
650 1359 678 1404 et
696 1355 804 1407 sectilia
819 1357 895 1424 pavi·

95 1435 190 1482 noenta
201 1427 408 1480 circumtulisse.

155 1502 269 1556 XLVll.
288 1504 462 1556 Britanniam
482 1505 583 1572 petisse
604 1519 652 1570 spa
672 1507 896 1572 margaritarum,

98 1594 218 1649 quarum
243 1579 451 1646 amplitudinem
476 1577 662 1631 conterentem
687 1580 823 1632 interdum
847 1597 898 1632 sua

97 1670 184 1706 manu
195 1654 319 1721 exegisse
332 1654 453 1720 pondus:
473 1669 607 1722 gemmas,
622 1660 792 1720 toreumata,
808 1657 896 1722 signa,

98 1729 212 1782 tabulas
223 1729 315 1796 operis
327 1729 435 1796 antiqui
449 1745 556 1796 semper
571 1730 772 1782 animosissime
787 1745 897 1798 compa-

97 1819 190 1857 rasse:
202 1804 316 1856 servitia
325 1805 446 1856 rectiora
455 1805 643 1870 politioraque
653 1805 786 1856 immenso
797 1807 896 1873 pretio,

99 1887 128 1932 et
138 1881 218 1932 euius
228 1879 318 1946 ipsum
330 1879 413 1930 etiam
424 1877 553 1944 puderet,
565 1879 606 1928 sic
615 1885 647 1929 ut
656 1879 811 1931 rationibus
822 1885 896 1932 veta·
923 1881 925 1885 ’

98 1962 143 2008 ret
151 1953 259 2006 infern.

156 2027 283 2080 XLVlll.
310 2029 491 2080 convivatum
525 2026 635 2077 assidue
662 2041 712 2092 per
740 2028 896 2092 provincias

100 2106 211 2158 duobus
224 2102 366 2167 tricliniis,
381 2119 451 2166 uno,
468 2117 521 2168 quo
533 2101 625 2168 sagati
634 2101 786 2168 palliative,
799 2102 895 2166 altero,

99 2195 157 2248 quo
168 2179 258 2246 togati
273 2193 334 2230 cum
348 2177 548 2229 illustrioribus
562 2176 768 2244 provinciarum
778 2178 896 2230 diseun-

99 2258 205 2307 herent.
236 2253 433 2305 'Domesticam
447 2252 623 2320 disciplinam
641 2253 671 2304 iu
685 2254 778 2320 parvis
792 2269 825 2305 ac
839 2270 896 2306 ma·

99 2330 209 2382 ioribus
220 2330 302 2380 rebus
313 2328 458 2395 diligenter
469 2328 538 2379 adeo
550 2341 697 2395 severeque
711 2330 794 2392 rexit,
814 2335 846 2379 ut
855 2330 896 2396 pi-

100 2412 219 2467 storem,
242 2403 326 2454 alium
341 2419 424 2471 quem
438 2403 493 2453 sibi
507 2417 604 2470 panem
617 2404 739 2454 convivis
750 2405 896 2454 sirbiicien·

14 2494 24 2513 ··
99 2487 165 2544 tem,
179 2479 357 2546 compedibus
366 2477 499 2538 vinxerit3
514 2478 641 2529 libertum
652 2478 848 2545 gratissimum,
861 2478 896 2528 ob

100 2555 287 2607 adulteratam
298 2554 399 2620 equitis
409 2551 528 2602 Romani
537 2567 664 2615 uxorem,
681 2551 805 2618 quamuis
820 2551 896 2602 nullo

101 2634 243 2699 querente,
255 2628 370 2694 capitali
380 2639 471 2694 poena
481 2625 614 2678 affecerit.

157 2702 260 2756 XLIX.
271 2701 427 2753 Pudicitiae
437 2700 497 2750 eius
507 2699 609 2751 famam
620 2697 690 2750 nihil
701 2699 811 2767 quidem
821 2717 899 2767 prae·

99 2787 144 2836 ter
158 2777 319 2832 Nicomedis
335 2774 543 2829 contubernium
558 2775 651 2838 laesit,
673 2775 753 2840 gravi
766 2780 858 2832 tamen
873 2779 901 2825 et
