2026 3020
253 237 510 282 OCTAVIANUS.
546 237 624 282 CAP.
644 239 683 283 16.
694 239 734 282 17.
861 237 892 286 57

96 377 214 432 uiasque
225 361 280 412 sibi
289 367 381 428 partes
390 366 494 412 terrore
506 376 539 410 ae
548 360 630 410 minis
635 361 895 431 vindicantem,spo.

95 441 180 490 liavit
190 436 325 498 exereitu;
345 437 550 505 supplicemque
561 451 693 486 concessa
702 437 761 486 vita
773 437 894 490 Circeios

95 517 125 566 in
135 518 300 582 perpetuum
309 512 449 578 relegavit.

153 587 243 639 xvir.
263 587 301 638 M.
317 587 430 637 Antonii
443 587 603 638 societatem
619 602 725 654 semper
741 587 853 638 dubiam
869 595 896 639 et

97 667 245 726 incertam,
267 661 541 713 reconciliationibus
554 662 640 713 variis
650 662 721 713 male
732 662 895 727 focillatam,

99 739 212 806 abrupit
224 737 360 788 tandem..
384 737 421 786 Et
434 753 489 805 quo
503 737 592 804 magis
607 737 787 803 degenerasse
802 754 863 789 eum
879 754 896 788 a

99 815 176 866 civili
194 828 272 864 nrore
289 813 467 880 approbaret,
487 816 691 876 testamentum,
712 813 787 881 quod
802 813 827 864 is
841 813 895 865 Ro·

100 905 173 952 mae,
195 889 280 939 etiam
296 887 331 938 de
341 887 504 955 Cleopatrae
519 887 614 938 liberis
623 888 695 938 inter
705 887 818 940 heredes
827 905 895 940 nrm-

100 965 221 1031 eupatis,
238 962 400 1030 reliquerat,
422 961 598 1028 aperiendum
608 963 833 1032 recitandumque
844 980 894 1032 pro

100 1041 234 1091 concione
246 1037 361 1090 miravit.
399 1037 516 1089 Remisit
529 1041 622 1086 tamen
631 1034 707 1087 hosti
716 1037 839 1088 iudicato
850 1055 895 1089 nc-

101 1114 282 1166 eessitudines
298 1112 455 1179 amicosque
472 1125 578 1174 onrnes,
599 1116 681 1178 atque
695 1111 767 1162 inter
782 1111 854 1162 alios
865 1114 895 1162 C.

101 1189 211 1242 Sosium
223 1193 251 1239 et
261 1188 309 1237 Cn.
321 1186 483 1249 Domitium,
494 1191 560 1236 tune
570 1183 661 1236 adhuc
671 1187 806 1238 consules.
841 1187 896 1238 Bo-

99 1263 280 1316 noniensibus
300 1277 409 1330 quoque
429 1261 550 1328 publice,
572 1261 647 1330 quod
665 1262 695 1311 in
714 1262 896 1314 Antoniorum

100 1339 229 1392 clientela
240 1338 393 1403 antiquitus
408 1342 498 1400 erant,
519 1336 637 1403 gratiam
652 1335 719 1388 iecit
733 1339 898 1390 coniurandi

100 1431 160 1466 cum
176 1420 239 1465 tota
251 1411 334 1462 ltalia
348 1427 398 1478 pro
414 1413 538 1478 partibus
553 1413 620 1461 suis.
659 1411 716 1464 Nee
730 1414 816 1466 multe
833 1423 898 1481 post

98 1490 194 1541 navali
206 1487 316 1557 proelio
333 1487 406 1554 apud
415 1487 523 1537 Aetium
536 1487 615 1549 vicit,
636 1485 768 1538 inseram
783 1489 896 1540 dimica-

98 1567 176 1616 tione
185 1567 340 1632 protracta,
351 1563 421 1612 utin
431 1563 496 1612 navi
506 1562 595 1613 vietor
606 1565 816 1628 pernoctaverit.
855 1565 896 1612 Ab

99 1642 179 1691 Actio
192 1654 276 1706 quum
287 1637 398 1689 Samum
408 1637 437 1687 in
447 1635 562 1688 hiberna
577 1653 606 1687 se
619 1639 781 1703 recepisset,
801 1639 895 1688 turba-

99 1722 143 1766 tus
153 1714 263 1765 nrmciis
274 1713 307 1763 de
318 1713 453 1762 seditione
464 1713 594 1776 militum,
616 1713 740 1779 praemia
751 1719 778 1764 et
787 1713 896 1764 nrissio-

98 1807 159 1842 nem
172 1789 357 1857 poscentium,
370 1803 439 1855 quos
450 1803 483 1838 ex
493 1789 570 1849 onrni
579 1803 705 1853 numero,
722 1788 848 1840 confecta
857 1789 896 1840 vi-

100 1866 203 1928 ctoria,
229 1863 407 1914 Brundisium
435 1863 626 1928 praemiserat,
656 1864 756 1930 repetit
777 1863 896 1926 ltaliam,

100 1945 263 2009 tempestate
281 1938 311 1988 in
324 1939 443 1989 traiectu
457 1937 500 1986 bis
515 1936 701 1999 conflictatus,
721 1938 811 2004 primo
825 1939 898 1988 inter

99 2014 294 2084 promontoria
304 2012 490 2078 Peloponnesi
501 2016 583 2078 atque
593 2011 728 2073 Aetoliae,
739 2027 834 2062 rursus
846 2013 897 2062 cir-

101 2107 134 2142 ca
144 2096 251 2141 montes
264 2089 427 2150 Ceraunios,
438 2085 586 2154 utrobique
596 2090 674 2152 parte
685 2085 896 2137 Liburnicarum

101 2167 239 2226 demersa3
261 2163 396 2230 simulque
407 2163 478 2226 eius,
494 2162 522 2211 in
535 2175 590 2228 qua
599 2159 761 2226 vehebatur,
773 2159 842 2214 fusis
854 2177 897 2213 ar-

100 2241 247 2292 mamentis
271 2245 298 2288 et
317 2237 502 2304 gubernaculo
524 2234 663 2288 diffracto.
702 2237 760 2290 Nec
779 2239 897 2306 amplius

101 2332 183 2385 quam
194 2318 298 2382 septem
310 2320 337 2364 et
345 2313 444 2378 viginti
454 2313 521 2376 dies,
533 2311 621 2363 donec
631 2311 769 2364 desideria
779 2315 898 2366 militum

101 2391 309 2451 ordinarentur,
324 2387 466 2438 andisii
481 2393 679 2450 commoratus,
695 2389 777 2440 Asiae
787 2389 897 2453 Syriae-

98 2464 293 2534 quecircuitu
309 2463 463 2528 Aegyptum
483 2463 564 2528 petit3
594 2463 761 2529 obsessaque
780 2462 897 2512 Alexan·

99 2542 176 2604 dria,
188 2555 244 2608 quo
256 2538 390 2588 Antonius
402 2549 463 2585 cum
474 2536 622 2604 Cleopatra
633 2537 806 2604 confugerat,
820 2535 899 2586 brevi

98 2617 206 2684 potitus
221 2619 272 2664 est.
310 2612 347 2662 Et
361 2610 509 2660 Antonium
525 2610 648 2678 quidem,
669 2625 745 2661 seras
761 2611 898 2662 conditio-

97 2707 146 2742 nes
167 2691 247 2757 pacis
266 2693 428 2750 tentantem,
453 2684 489 2734 ad
508 2691 623 2735 mortem
645 2683 750 2751 adegit,
774 2685 897 2751 viditque

97 2771 251 2818 mortuum:
269 2763 440 2831 Cleopatrae,
453 2773 534 2828 quam
545 2763 680 2809 serratam
690 2758 829 2829 triumpho
840 2773 897 2810 ma-
