2036 3022
107 185 156 238 312
382 190 409 235 G.
437 187 623 236 SUETONll

107 311 249 377 meulbris,
263 313 342 364 vultu
352 312 438 364 veluti
447 313 569 364 nitentis.
607 310 685 385 Unde
700 312 814 380 quidam
825 317 907 368 ruba·
932 329 936 334 '

106 404 205 441 norum
224 404 280 440 non
299 387 430 440 infacete:
454 387 590 456 siquidem
609 388 722 457 petenti,
742 393 774 440 ut
793 392 865 442 etin
880 408 911 442 se

108 463 214 532 aliquid
225 464 339 528 diceret,
352 461 462 526 Dicam,
474 463 578 531 inquit,
595 477 674 528 quum
684 471 801 514 neonem
813 481 908 517 exone·

106 556 168 591 rnre
192 537 307 590 deseris.
355 537 521 590 valetudine
551 537 738 606 prosperrima
762 555 830 590 usus
856 546 907 605 est,

107 614 231 683 quamvis
243 613 279 664 ad
288 613 416 664 tuendam
428 628 489 664 eam
498 610 569 662 nihil
580 612 697 681 amplius
712 629 796 680 quarn
810 614 908 667 fauces

107 697 251 756 ceteraque
261 688 383 739 membra
399 687 510 738 sibimet
519 686 556 737 ad
565 703 707 738 numerum
718 689 747 738 in
758 691 908 757 spaeriste·

104 764 148 816 rio
170 761 328 825 defricaret,
349 761 524 830 inediamque
543 763 626 814 unius
646 762 702 813 diei
715 779 766 830 per
779 765 908 834 singulos

105 854 210 890 menses
221 838 415 905 interponeret.

160 946 235 999 xxl.
257 947 387 1000 Ordinem
401 947 476 999 vitae
491 946 549 998 iere
562 944 636 998 hunc
648 949 746 1000 tenuit.
785 949 818 1000 ln
832 952 907 1017 prin·

105 1025 199 1091 cipatu
207 1023 344 1076 mamarius
353 1037 461 1089 semper
470 1037 505 1074 ac
514 1021 548 1073 de
558 1027 639 1074 nocte
644 1022 794 1090 vigilabat:
807 1024 907 1078 deinde

102 1099 233 1166 perlectis
243 1098 382 1164 epistolis,
394 1097 603 1163 officiorumque
615 1099 738 1149 omnium
747 1098 906 1164 breviariis,

104 1175 210 1226 amicos
221 1173 396 1225 admittebat:
417 1185 463 1234 ac,
479 1171 543 1223 dum
554 1171 739 1236 salutabatur,
761 1180 789 1224 et
800 1175 906 1226 calcea·

103 1249 153 1300 bat
161 1250 221 1315 ipse
232 1264 261 1299 se
276 1253 305 1301 et
319 1247 474 1300 endciabat.
512 1245 582 1297 Post
596 1247 703 1311 decisa,
723 1263 905 1317 quaecunque

104 1325 291 1386 obuenissent,
305 1322 431 1389 negotia„
452 1321 603 1387 gestationi
613 1327 641 1372 et
650 1321 714 1373 inde
724 1323 814 1389 quieti
823 1340 904 1376 vaca-

102 1399 160 1462 bat,
172 1398 323 1450 accubante
334 1398 429 1465 aliqua
438 1395 623 1464 pallacarum,
639 1411 708 1462 quas
717 1397 745 1447 in
757 1396 904 1450 defunctae

103 1472 195 1525 locum
212 1472 341 1524 Caenidis
356 1472 490 1538 plurimas
504 1471 699 1522 constituerat:
725 1487 742 1522 a
756 1480 865 1526 secreto
876 1475 905 1526 in

102 1547 242 1600 balineum
252 1548 458 1613 tricliniumque
471 1546 617 1598 transibat.
656 1545 715 1597 Nec
729 1546 787 1599 ullo
798 1555 904 1616 tempo-

103 1638 133 1674 re
143 1623 256 1690 iacilior
266 1631 314 1672 aut
323 1621 512 1688 indulgentior
521 1621 654 1683 traditum
665 1636 753 1688 eaque
764 1629 905 1676 momenta

104 1697 249 1748 domestici
260 1696 296 1747 ad
306 1696 410 1764 aliquid
421 1695 737 1763 petendummagnopere
743 1699 903 1764 captabant.

159 1805 247 1857 xxll,
268 1805 304 1856 Et
323 1820 405 1874 super
426 1820 539 1856 coenam
560 1809 664 1868 antem,
686 1810 713 1856 et
727 1819 812 1874 super
827 1807 903 1858 aleas

105 1899 165 1933 cum
182 1882 279 1932 amicis
293 1881 380 1932 multa
394 1881 458 1931 ioca
471 1879 652 1946 transigebat.
690 1879 760 1931 Erat
773 1879 903 1932 enim-di·

105 1959 231 2009 cecitatis
242 1957 376 2024 plurimae
382 1995 390 2020 ,
407 1963 434 2007 ct
444 1955 484 2006 sic
494 1954 618 2006 scurrilis
630 1969 663 2005 ac
672 1954 817 2020 sordidae,
828 1962 903 2009 utrm

104 2033 284 2100 praetextatis
305 2031 413 2096 quidem
438 2031 529 2082 verbis
553 2030 711 2081 abstineret.
750 2029 787 2080 Et
809 2036 903 2083 tamen

104 2107 238 2158 nonnulla
249 2108 307 2158 eius
318 2103 488 2156 facetissima
499 2110 619 2168 exstant,
634 2105 664 2155 in
675 2104 775 2173 quibus
786 2111 814 2156 et
824 2104 901 2158 baec.

104 2182 247 2234 Mestrium
267 2181 380 2231 Florum
406 2181 590 2243 consularem,
616 2179 773 2231 admonitus
798 2180 833 2231 ab
857 2197 901 2246 eo,

101 2259 224 2326 plaustra
239 2257 331 2322 potius
352 2271 434 2321 quam
450 2258 552 2322 plostra
573 2254 702 2318 dicenda,
723 2255 767 2305 dle
787 2261 900 2321 postero

105 2331 234 2382 Flonrum
249 2331 388 2381 salutavit.
428 2329 607 2399 Expugnatus
627 2334 750 2380 autema
770 2329 899 2398 quadam,

107 2409 187 2471 quasi
197 2423 291 2456 amore
302 2405 345 2454 sui
356 2404 504 2471 deperiret,
521 2421 603 2474 quum
613 2404 762 2472 perductae
771 2419 823 2472 pro
835 2421 902 2456 con-

107 2481 201 2531 cubitu
220 2480 346 2531 sestertia
367 2479 550 2547 quadraginta
569 2479 711 2543 donasset,
737 2479 901 2533 admonente

107 2554 308 2619 dispensatore,
335 2555 563 2622 quemadmodum
588 2569 721 2605 summam
744 2554 901 2606 rationibus

105 2627 187 2676 vellet
197 2628 301 2690 inferri,
318 2626 486 2693 Vespasiano,
497 2628 595 2696 inquit,
607 2629 740 2680 adamato.

161 2704 261 2760 xxm.
282 2709 415 2760 Utebatur
429 2717 456 2761 et
468 2709 592 2764 versibus
608 2709 722 2764 Graecis
739 2711 900 2782 tempestive
