2036 3022
249 182 472 247 vrrsonrus.
509 198 586 244 css.
606 196 713 244 14—17.
829 191 878 245 rot

76 321 208 374 certatim
219 322 380 388 pollicente,
393 322 512 373 animum
522 323 680 390 resumpsit,
693 322 877 389 Sabinumque

74 404 102 448 et
113 397 242 463 reliquos
251 395 416 462 Flavianos,
427 397 498 448 nihil
507 399 563 449 iam
574 399 736 461 metuentes,
747 397 776 448 vi
786 397 878 446 subita

72 474 104 524 iu
121 471 294 540 Capitolium
315 473 460 539 compulit,
479 489 666 540 succensoque
685 471 788 538 templo
803 471 877 522 lovis

75 547 186 616 Optimi
199 546 317 597 Maximi
331 549 486 615 oppressit3
508 564 589 615 quum
605 554 632 600 et
650 547 784 614 proelium
795 552 822 597 et
835 547 875 596 in-

75 622 207 674 cendium
218 637 233 672 e
243 621 394 674 Tiberiane
407 625 579 690 prospiceret
590 624 672 676 domo
687 623 759 674 inter
770 621 874 688 epulas.

73 697 141 748 Non
156 697 245 748 multo
261 703 325 762 post
338 699 482 764 poenitens
496 697 578 763 lacti,
599 705 626 751 et
639 700 667 749 ln
684 697 755 749 alios
767 697 874 763 culpam

74 771 239 835 conferens,
250 779 350 823 vocata
362 773 494 824 concione
504 774 615 838 iuravit,
628 775 772 840 coegitque
782 773 875 823 iurare

74 849 196 911 ceteros,
207 845 276 897 nisit
284 845 335 897 sibi
344 845 478 912 antiquius
489 847 574 914 quiete
582 848 764 918 publienfore.
796 849 875 897 'lbnc

73 923 201 974 solutum
213 922 325 974 alatere
335 922 495 990 pugionem,
508 923 616 973 consuli
626 925 755 989 primum,
767 922 874 986 deinde,

71 999 126 1050 illo
147 1003 302 1062 recusante,
322 998 543 1064 magistratibus,
565 1013 598 1047 ac
617 1011 680 1048 mox
701 997 874 1048 senatoribus

73 1073 196 1140 singulis
215 1073 372 1141 porrigens,
388 1072 464 1124 nullo
484 1073 646 1139 recipiente,
664 1072 744 1139 quasi
762 1072 792 1121 in
807 1071 874 1121 aede

10 1173 11 1176 ¹
74 1147 252 1199 Concordiae
272 1148 432 1216 positurus,
454 1148 595 1198 abscessit.
636 1147 689 1198 Sed
711 1145 872 1214 quibusdam

73 1224 309 1287 acclamantibus,
328 1221 412 1290 speum
432 1239 486 1274 esse
502 1221 687 1285 Concordiam,
703 1221 804 1272 rediitz
823 1236 874 1272 nec

74 1299 169 1350 solum
189 1299 306 1350 retinere
326 1313 356 1349 se
375 1297 477 1349 ferrum
499 1299 653 1362 affirmavit,
675 1313 768 1349 verum
789 1296 871 1347 etiam

75 1373 252 1426 Concordiae
261 1374 383 1442 recipcre
395 1389 554 1440 cognomen.

133 1447 209 1500 xvi.
231 1448 378 1516 suasitque
393 1449 580 1514 senatoribus,
590 1456 622 1500 ut
631 1449 738 1517 legatos
750 1464 810 1500 eum
820 1447 873 1500 vir·

73 1525 187 1593 ginibus
202 1521 360 1576 Vestalibus
378 1525 528 1588 mitterent,
543 1540 639 1592 pacem
659 1531 707 1576 aut
722 1530 793 1576 certe
808 1531 873 1574 tem-

73 1617 127 1668 pus
139 1600 175 1651 ad
187 1598 397 1651 consultandam
406 1601 551 1668 petituros.
591 1600 731 1652 Postridie
741 1613 874 1667 responsa

75 1675 233 1744 opperienti
246 1676 405 1726 nunciatum
422 1681 464 1726 est
476 1691 525 1742 per
536 1677 755 1742 exploratorem,
766 1671 872 1726 hostem

74 1751 310 1820 appropinquare.
350 1749 487 1801 Continuo
503 1751 589 1816 igitur
599 1753 741 1803 abstrusus
752 1756 872 1817 gestato·

73 1829 119 1877 ria
134 1827 216 1888 sella,
233 1825 340 1877 duobus
356 1823 423 1875 solis
439 1826 595 1888 comitibus,
610 1827 715 1890 pistore
731 1831 758 1876 et
773 1839 871 1891 coquo,

73 1901 238 1953 Aventinum
254 1906 281 1951 et
294 1906 436 1966 paternam
449 1896 559 1950 domum
571 1899 641 1950 elam
656 1900 749 1966 petiit,
764 1904 795 1948 ut
808 1897 872 1948 inde

72 1978 103 2027 in
115 1977 296 2044 Campaniam
306 1974 421 2042 fugeret.
455 1975 523 2026 Mox
534 1976 589 2026 levi
598 1989 708 2026 rumore
720 1981 747 2024 et
756 1975 871 2035 incerto,

72 2059 206 2120 tanquam
221 2065 276 2117 pax
291 2049 438 2115 impetrata
448 2057 532 2115 esset,
544 2049 641 2101 referri
655 2065 684 2100 se
694 2049 723 2100 in
733 2048 871 2100 Palatium

73 2142 175 2193 passus
186 2131 245 2178 est:
259 2125 308 2176 ubi
319 2139 400 2190 quum
413 2125 521 2176 deserta
532 2126 625 2177 omnia
635 2125 790 2192 reperisset,
802 2123 871 2174 dila-

73 2203 204 2254 bentibus
219 2207 246 2253 et
261 2200 308 2266 qui
319 2200 401 2250 simul
412 2207 498 2264 erant,
510 2217 582 2253 zona
594 2217 622 2252 se
634 2215 780 2252 aureorum
790 2202 872 2268 plena

74 2276 257 2328 circumdedit
268 2292 275 2337 ;
296 2273 473 2342 confugitque
483 2277 511 2327 in
523 2277 649 2328 cellulam
661 2276 798 2340 ianitoris,
809 2275 872 2325 reli·

73 2359 140 2420 gato
152 2367 203 2420 pro
214 2350 321 2402 foribus
333 2366 408 2414 cane,
420 2349 546 2418 lectoque
557 2359 584 2404 et
595 2352 710 2404 culcitra
722 2351 846 2403 obiectis.

130 2425 218 2479 XVll.
237 2425 396 2493 Irruperant
410 2431 500 2476 autem
515 2427 570 2478 iam
587 2427 704 2494 agminis
716 2425 871 2478 antecesso-

72 2517 126 2566 res,
135 2517 177 2565 ac,
188 2501 295 2552 nemine
306 2501 398 2562 obvio,
410 2499 590 2566 rimabantur,
600 2509 631 2552 ut
641 2503 680 2566 lit,
692 2502 810 2568 singula.
830 2501 870 2551 Ab

72 2571 116 2627 bis'
131 2581 271 2627 extractus
287 2592 301 2628 e
315 2576 435 2639 latebra,
447 2576 633 2642 sciscitantes,
645 2575 702 2644 quis
713 2584 780 2627 esset
794 2579 869 2640 (uam

9 2673 10 2700 1
72 2651 282 2719 ignorabatur),
303 2657 330 2703 et
343 2650 390 2703 ubi
404 2666 457 2702 esse
472 2649 605 2704 Vitellium
619 2651 710 2714 sciret,
726 2651 869 2704 mendacio

73 2726 174 2781 elusit:
206 2725 303 2780 deinde
324 2727 433 2796 agnitus
453 2742 553 2798 rogare
574 2743 629 2781 non
651 2727 768 2794 destitit,
790 2727 869 2799 quasi
