2050 3034
149 199 200 249 1⁰8
428 199 456 242 C.
480 195 671 244 SUETONll

151 338 231 391 quem
242 336 384 374 numerum
396 319 417 371 C
427 319 509 372 litera
518 323 641 380 notaret3
662 317 856 387 futurumque,
874 325 911 370 ut
921 321 976 371 in-

149 403 191 450 ter
202 397 269 448 deos
280 395 441 459 referretur,
458 392 534 463 quod
543 392 642 456 Aeser,
653 393 684 445 id
694 398 749 457 est,
765 393 881 461 reliqua
893 411 972 461 pars

150 488 165 522 e
182 471 309 524 Caesaris
323 470 447 534 nomine,
467 467 586 521 Etrusca
600 467 696 535 lingua
711 467 778 518 deus
792 477 968 520 vocaretur.

150 546 293 598 Tiberium
303 545 389 612 igitur
399 545 428 596 in
438 543 581 610 lllyrieum
592 542 765 606 dimiseram,
777 541 967 594 etBeneven-
1004 583 1005 586 ,

147 627 206 672 tum
216 635 303 686 usque
319 624 528 686 prosecuturus,
549 633 633 690 quum
646 616 872 684 interpellatores
889 617 964 668 aliis
1004 661 1005 668 ,

149 701 231 762 atque
248 694 312 744 aliis
328 693 420 746 causis
434 693 465 744 in
479 693 539 744 iure
554 692 671 744 dicendo
684 691 846 756 detinerent,
859 693 962 743 exala-

147 769 242 832 mavit,
255 768 343 836 (quod
354 773 382 820 et
389 767 481 834 ipsum
491 782 556 818 mox
566 768 638 818 inter
649 767 743 820 omina
753 765 873 818 relatum
886 773 959 832 est),

147 859 208 904 esan,
220 841 343 894 sisinnio
356 850 537 903 morarentur,
559 841 670 907 arreptius
684 857 711 892 se
721 838 836 908 posthae
846 840 961 894 Romae

140 915 277 988 ficturum.
313 917 402 985 Atque
411 916 511 968 itinere
520 913 661 981 inchoato,
672 916 800 968 Asturam
811 917 957 983 perrexit:

147 997 175 1044 et
184 991 249 1044 inde
263 998 373 1058 praeter
387 991 612 1043 consuetudinem
627 991 661 1042 de
675 996 757 1043 nocte
772 990 808 1040 ed
819 992 955 1043 occasio·

146 1082 206 1118 nem
220 1081 304 1118 auree
315 1072 438 1130 evectus,
460 1081 571 1118 eausam
585 1064 751 1118 valetudinis
763 1066 906 1116 contraxit
915 1081 956 1118 ex

146 1141 283 1208 profluvio
295 1141 360 1192 alvi.

202 1214 325 1266 XCVlll.
346 1215 425 1266 'l'une
440 1213 607 1280 Campaniae
626 1228 677 1266 ora
696 1215 886 1283 proximisque
906 1216 954 1266 iu-

145 1289 214 1340 sulis
229 1289 366 1352 eiremds,
389 1290 555 1358 Caprearum
571 1304 680 1357 quoque
700 1289 822 1340 secessui
842 1291 953 1357 quatri-

146 1363 229 1414 duum
239 1363 388 1431 impendit,
398 1363 593 1416 remississimo
606 1363 642 1414 ad
653 1364 740 1415 otium
751 1369 779 1416 et
789 1362 826 1414 ad
837 1379 949 1417 omnem

146 1437 305 1489 comitatem
322 1438 424 1490 animo.
462 1437 548 1490 Forte
563 1437 746 1490 Puteolanum
760 1439 852 1490 sinum
866 1455 948 1506 prae·

145 1509 309 1577 terrebanti,
329 1519 454 1566 vectores
464 1520 620 1580 nautaeque
630 1512 664 1565 de
674 1513 740 1564 navi
748 1513 948 1578 Alexandrina,

146 1602 217 1655 quae
227 1593 334 1640 tantum
346 1587 421 1655 quod
432 1587 588 1655 appulerat,
611 1587 753 1639 sarmati
763 1589 948 1657 coronatique

146 1669 174 1712 et
184 1667 249 1712 tura
258 1661 377 1713 libantes
392 1660 486 1714 iaruta
502 1661 595 1714 omnia
609 1667 636 1714 et
646 1662 763 1714 eximias
773 1662 870 1716 laudes
880 1679 946 1715 eou-

147 1741 303 1802 gesserant:
319 1751 370 1802 per
379 1734 453 1787 illum
462 1751 489 1788 se
498 1735 654 1804 uivere,per
664 1736 737 1789 illum
747 1735 875 1807 navigare
879 1755 893 1800 ,·
913 1738 945 1790 li-

146 1809 248 1861 bertate
258 1819 338 1877 atque
345 1809 469 1882 sortieris
478 1827 529 1879 per
543 1810 615 1863 illum
622 1810 695 1883 frui.
736 1812 839 1874 Quare
850 1813 944 1865 admo·

146 1884 209 1935 dnm
221 1882 392 1938 exhilaratus
403 1886 595 1955 quadragenos
606 1901 706 1939 aureos
717 1888 866 1940 comitibus
876 1887 946 1938 divi-

145 1960 195 2024 sit,
215 1960 314 2030 iusque
323 1961 470 2014 iurandum
485 1968 513 2014 et
523 1961 679 2014 cautionem
690 1962 782 2029 exegit
792 1977 809 2012 a
819 1962 943 2031 siugulis,

145 2035 269 2088 nonalia
286 2036 379 2088 datam
396 2051 543 2100 summam,
564 2051 646 2104 quam
660 2037 690 2088 in
704 2037 870 2104 emptionem
883 2037 942 2089 Ale-

145 2109 344 2162 xandrinarum
354 2111 494 2175 mercium,
506 2110 710 2178 absumpturos.
735 2110 790 2164 Sed
801 2119 829 2163 et
839 2117 941 2164 eeteros

147 2183 294 2238 contimros
310 2185 369 2236 dies
383 2186 455 2237 inter
468 2185 548 2236 varia
562 2185 725 2238 munuscula
739 2192 823 2254 togas
832 2187 941 2255 lumper

147 2271 180 2309 ae
190 2256 278 2324 pallia
289 2257 440 2323 distribuit,
452 2258 512 2326 lege
523 2262 678 2328 proposita,
688 2266 720 2313 ut
728 2259 851 2313 Romani
860 2261 941 2313 Grae·

147 2347 194 2397 eo,
217 2329 319 2384 Graeci
336 2331 463 2386 Romano
484 2332 582 2387 babitu
602 2342 630 2388 et
648 2349 774 2388 sermone
793 2341 940 2389 uterentur.

147 2407 289 2475 spectavit
299 2408 409 2461 assidue
420 2414 448 2461 et
457 2418 613 2462 exercentes
625 2408 755 2476 ephebos,
767 2427 882 2480 quorum
892 2411 941 2462 eli·

147 2498 203 2551 qua
217 2481 308 2536 adhue
327 2485 409 2552 eopia
428 2498 462 2536 ex
481 2491 573 2538 vetere
592 2485 720 2537 instituto
743 2484 857 2556 Capreis
876 2492 940 2538 erat.
1004 2511 1005 2514 =

146 2556 247 2610 lisdem
257 2559 341 2611 etiam
352 2559 463 2627 epulum
473 2560 503 2611 in
514 2567 664 2630 conspeetu
672 2575 723 2612 suo
734 2562 874 2629 praebuit,
885 2577 941 2628 per·
1004 2599 1005 2632 ,

146 2633 244 2698 missa,
264 2635 321 2687 imo
342 2642 452 2700 exacta,
472 2635 587 2688 iocandi
610 2635 723 2688 lieentia
744 2636 942 2706 diripiendique

146 2720 292 2771 pomorum
304 2715 332 2762 et
342 2711 524 2764 obsoniorum
533 2727 680 2781 rerumque
690 2711 846 2763 missilium.
861 2710 940 2764 Nullo
