2036 3022
280 249 499 308 urrnnnrus.
536 229 757 309 curas-11.¹
853 259 903 312 293
939 270 944 280 ¹

108 399 227 456 quorum
243 383 353 440 libellos
368 382 469 438 Othoni
486 385 566 437 datos
581 385 734 450 invenerat,
756 385 903 454 exposcen-

106 463 178 512 tium
198 461 322 528 praemia
342 460 377 511 ob
398 461 498 512 editam
519 461 548 510 in
563 461 645 512 caede
661 459 767 513 Galbae
782 477 902 529 operam,

109 535 239 603 conquiri
249 540 276 586 et
289 536 425 603 supplicio
437 537 510 587 affici
524 536 687 602 imperavit:
708 537 816 604 egregie
826 553 904 605 pror-

107 627 154 662 sus
177 616 259 678 atque
278 611 439 678 magnifiee,
461 617 488 662 et
507 616 538 662 ut
558 612 657 662 summi
676 611 809 682 principis
829 627 904 680 spem

108 685 278 748 ostenderet,
290 685 344 736 nisi
355 691 445 736 cetera
455 686 543 753 magis
555 701 587 737 ex
597 693 697 747 natura
707 693 735 739 et
744 687 837 754 priore
847 687 905 738 vita

107 777 168 824 sna,
181 774 263 827 quam
275 775 308 811 ex
318 760 428 827 imperii
438 761 582 812 maiestate
592 763 730 829 gessisset.
769 762 903 830 Namque,

105 837 207 887 itinere
226 833 376 898 inchoato,
397 850 446 902 per
464 835 569 886 medias
590 837 714 888 ciritates
734 837 905 898 ritrrtrinm-

107 909 252 979 phantinm
262 914 355 961 vecors
367 916 425 960 est:
445 925 547 978 perque
567 911 680 962 llnmina
700 911 905 965 delicatissimis

106 985 228 1051 navigiis
239 990 266 1036 et
274 985 413 1035 variarum
426 999 589 1036 coronarum
600 1000 698 1052 genere
708 986 853 1052 redimitis,
863 989 905 1040 in-

107 1068 150 1112 ter
160 1057 368 1126 profusissimos
380 1060 559 1112 obsoniorum
571 1066 728 1126 apparatus,
739 1060 816 1112 nulla
825 1061 905 1114 fami-

106 1136 163 1187 liae
185 1140 233 1185 aut
251 1135 347 1185 militis
368 1134 524 1200 disciplina,
545 1135 657 1202 rapinas
678 1151 711 1186 ac
724 1137 905 1203 petulantiam

15 1227 16 1266 3
59 1275 66 1290 .
108 1210 231 1262 omnium
252 1210 280 1260 in
299 1211 392 1261 iocum
412 1216 527 1276 vertens,
549 1211 597 1278 qui
615 1227 671 1262 non
686 1211 808 1263 contenti
822 1210 904 1278 epulo

106 1285 211 1354 ubique
221 1284 330 1352 publice
341 1285 480 1350 praebito,
492 1300 668 1352 quoscunque
680 1285 818 1350 libuisset,
832 1287 862 1336 in
872 1287 904 1336 li·

106 1363 243 1412 bertatem
255 1360 426 1424 asserebant,
437 1361 551 1411 verbera
562 1366 588 1412 et
598 1360 694 1428 plagas
700 1399 708 1424 ,
720 1376 801 1428 saepe
811 1361 905 1412 vulne·

107 1451 154 1499 ra,
170 1449 365 1501 nonnunquam
378 1450 470 1487 necem
485 1441 722 1503 repraesentantes
736 1436 905 1488 adversanti·

107 1511 170 1562 bns.
209 1509 298 1576 thue
310 1525 434 1578 campos,
446 1511 475 1560 in
487 1511 585 1580 quibus
600 1517 749 1579 pugnatum
761 1516 814 1576 est,
826 1512 904 1574 adiit,

108 1583 289 1636 abhorrentes
309 1585 443 1651 quosdam
465 1585 628 1637 cadaverum
642 1586 734 1637 tabem
748 1585 906 1638 detestabili

106 1675 178 1712 voce
190 1660 352 1710 confirmare
367 1675 449 1710 ansus
461 1666 502 1712 est
514 1679 519 1710 :
542 1659 646 1728 Optime
657 1663 725 1712 olere
735 1661 848 1714 occisam
859 1660 904 1712 bo·

107 1745 187 1797 stem,
205 1743 232 1785 et
244 1734 334 1786 melius
348 1733 436 1785 mrem.
475 1733 499 1786 N
503 1751 533 1786 ec
547 1752 579 1786 eo
596 1737 685 1786 secius
700 1736 735 1787 ad
750 1725 906 1789 leniendam

106 1809 272 1878 gravitatem
288 1809 382 1861 odoris
397 1809 543 1875 plurimum
558 1810 626 1860 meri
640 1810 784 1878 propalam
799 1811 904 1876 hausit,

107 1883 267 1952 passimque
286 1883 388 1934 divisit.
435 1883 501 1932 Pari
519 1885 641 1935 vanitate
661 1891 742 1952 atque
756 1886 906 1938 insolentia

108 1959 243 2028 lapidem,
258 1960 406 2010 memoriae
418 1957 535 2009 Othonis
545 1958 719 2024 inscriptum,
731 1961 853 2025 intuens,
865 1960 904 2011 di-

106 2049 192 2104 gnnm
204 2050 232 2085 eo
243 2031 377 2084 Mausoleo
389 2035 445 2084 ait:
465 2033 679 2102 pugionemque,
691 2050 745 2101 quo
757 2051 786 2085 se
796 2035 821 2085 is
833 2036 905 2086 oeci-

109 2110 201 2174 derat,
217 2110 246 2160 in
261 2109 485 2175 Agrippinensem
501 2108 639 2160 coloniam
657 2110 744 2182 misit,
756 2109 843 2162 Marti
859 2110 904 2162 de-

108 2184 265 2236 dicandum.
313 2183 345 2233 ln
369 2184 503 2251 Apennini
527 2185 609 2235 etiam
633 2185 706 2254 iugis
729 2186 904 2262 pervigilium

108 2261 175 2327 egit.

165 2333 214 2386 Xl.
234 2333 333 2384 Urbem
351 2348 460 2402 quoqne
479 2333 515 2384 ad
530 2333 675 2388 classicum
688 2336 809 2399 introiit,
825 2335 904 2402 paln-

109 2410 191 2462 datus
205 2409 334 2476 ferroque
349 2409 515 2473 succinctus,
526 2409 597 2460 inter
611 2411 690 2478 signa
701 2418 782 2478 atque
792 2411 902 2475 vexilla,

108 2484 245 2554 sagulatis
256 2483 412 2547 comitibus,
419 2498 452 2534 ao
457 2483 570 2535 detectis
582 2485 798 2536 commilitonum
810 2487 902 2538 muns.

107 2561 202 2628 Magis
217 2557 316 2610 deinde
331 2559 460 2626 armagis
471 2559 547 2609 omni
557 2559 649 2610 divino
660 2557 833 2628 humanoque
843 2561 902 2614 iure

108 2635 250 2704 neglecto,
260 2633 375 2686 Alliensi
389 2631 433 2685 die
448 2632 637 2702 pontificatum
654 2635 800 2686 nraxbnnm
812 2637 902 2704 oepit:

110 2710 226 2765 nomilia
239 2708 269 2760 in
283 2708 374 2760 decem
391 2723 477 2760 annos
489 2707 638 2772 ordinavit,
650 2725 733 2776 seque
742 2716 901 2778 perpetuum

110 2785 261 2842 consulem.
299 2783 335 2835 Et
347 2800 381 2836 ne
396 2785 441 2836 eui
456 2782 566 2834 dnbinm
583 2783 667 2850 foret,
679 2784 753 2852 qnod
763 2787 902 2856 exemplar
