2050 3034
214 297 219 304 .
307 261 503 315 caurauni.
541 270 616 314 GAP.
636 273 741 318 9-13:
869 273 919 324 163

119 393 242 459 dicaret,
257 391 353 446 Eritis
368 409 414 448 uro
429 392 594 462 omniumque
610 393 704 446 Cotum
720 394 818 448 nieme.-
838 405 873 464 et,
886 399 919 452 Se

119 469 252 522 noemam
263 471 411 538 (serpentis
421 470 451 521 id
465 473 563 538 genus)
574 471 671 537 populo
681 470 801 523 Romano
806 509 814 536 ‚
832 472 917 525 Prae·-

120 545 239 596 elacrem
249 544 308 596 orii
318 553 450 596 terrarum
460 546 576 598 educere.

174 620 237 671 Xll.
258 619 322 672 Non
331 621 372 672 ita
382 621 469 672 multo
484 627 549 689 post
558 621 664 673 lunium
677 622 856 688 Claudillam,
878 625 916 677 Μ.

118 695 209 748 Silani
218 695 386 747 nobilissimi
395 697 449 747 viri
459 697 554 760 liliam,
565 698 646 748 duxit
655 713 779 750 uxorem.
810 698 917 752 Deinde

117 785 207 838 augur
220 771 251 822 in
265 770 356 823 locum
370 771 467 823 fratris
482 773 526 823 sui
539 772 625 823 Drusi
640 773 806 840 destinatus,
828 777 916 843 prius-

117 861 201 914 quam
210 847 435 912 inauguraretur,
457 847 492 897 ad
507 849 697 915 pontificatum
710 850 854 902 traductus
865 858 914 916 cst,

115 921 221 989 insigni
231 922 390 974 testimonio
401 923 514 990 pietatis
524 929 606 990 atque
620 923 736 987 indolis,
758 941 852 994 quum,
870 927 914 978 de-

117 1002 191 1049 serta
212 996 392 1065 desolataque
410 998 525 1066 reliquis
550 997 681 1048 subsidiis
704 999 781 1062 aula,
803 1001 914 1065 Seiano,

96 1105 97 1110 =
117 1072 223 1139 sospite
232 1077 308 1136 tuuc,
315 1079 452 1141 suspecto,
460 1087 526 1124 mox
537 1078 565 1122 et
575 1087 716 1140 oppresso,
724 1073 759 1124 ad
770 1089 845 1140 spem
856 1093 915 1127 suc-

118 1147 253 1198 cessionis
263 1147 407 1214 paullatim
419 1148 620 1198 admoveretur.
661 1149 750 1208 Quam
761 1164 815 1217 quo
827 1152 916 1218 magis

117 1223 303 1286 confirmaret,
313 1223 501 1274 amissalunia
511 1237 544 1274 ex
554 1228 644 1290 partu,
651 1221 915 1289 EnniamNaeviam,

116 1297 261 1349 Macronis
273 1311 402 1362 uxorem,
424 1299 472 1366 qui
486 1305 543 1350 tum
559 1299 744 1366 praetorianis
755 1298 915 1351 cohortibus

116 1379 254 1440 praeerat,
265 1373 428 1424 sollieitavit
438 1373 473 1424 ad
483 1379 620 1440 stuprum,
632 1374 774 1440 pollicitus
785 1381 812 1426 et
822 1377 915 1426 matri-

116 1449 240 1500 monium
254 1463 346 1512 suum,
367 1449 390 1498 si
406 1449 511 1514 potitus
521 1449 638 1516 imperio
649 1448 762 1502 fuisset:
783 1451 869 1520 deque
881 1467 914 1502 ea

117 1538 147 1574 re
159 1528 190 1574 et
201 1523 382 1574 iureiurando
398 1530 425 1574 et
445 1522 629 1591 chirographo
650 1526 730 1575 cavit.
770 1524 825 1575 Pcr
843 1525 914 1576 hanc

116 1598 273 1650 msmuatus
283 1598 423 1663 Macroni,
438 1614 541 1650 veneno
553 1599 696 1650 'liberium
708 1606 913 1666 aggressusest,

115 1679 148 1724 u't
157 1673 269 1742 quidam
281 1675 441 1741 opinantur:
462 1675 632 1741 spirantique
647 1673 737 1725 adhuc
747 1673 855 1726 detrahi
867 1691 913 1724 an-

114 1747 223 1813 nulum,
246 1754 284 1813 et,
305 1750 437 1816 quoniam
452 1751 637 1816 suspicionem
655 1751 798 1802 retinentis
818 1750 912 1814 dabat,

114 1824 258 1892 pubinum
268 1824 449 1887 iussitiniici,
471 1829 553 1890 atque
568 1825 651 1874 etiam
665 1824 759 1876 fauces
769 1840 853 1892 uranu
862 1841 914 1876 sua

114 1899 268 1967 oppressit:
291 1899 406 1962 liberto,
427 1899 475 1965 qui
491 1899 527 1948 ob
538 1899 712 1949 atrocitatem
723 1899 857 1950 facinoris
868 1915 913 1951 ex-

114 1973 294 2038 clamarerat,
316 1974 460 2027 confestim
474 1974 504 2023 iu
516 1987 622 2024 crucem
634 1979 706 2023 acto.
746 1973 803 2024 Nec
814 1973 913 2024 abhor-

112 2056 156 2101 ret
175 2065 193 2100 a
212 2050 340 2114 veritate,
363 2065 445 2117 quum
460 2049 516 2100 sint
531 2047 642 2115 quidam
662 2053 802 2112 auctores,
823 2049 914 2115 ipsum

113 2131 225 2192 postea,
247 2126 300 2176 etsi
318 2141 375 2177 non
396 2125 429 2176 de
449 2123 585 2192 perfecto,
608 2129 724 2175 atcerte
740 2123 773 2174 de
789 2125 911 2192 cogitato

113 2199 254 2267 quondam
273 2199 425 2268 parricidio
450 2200 613 2268 professum.
658 2198 815 2251 Gloriatum
839 2201 912 2252 enim

113 2273 201 2344 [esse]
215 2275 326 2326 assidue
336 2275 365 2325 in
377 2275 617 2328 commemoranda
627 2291 678 2327 sua
691 2275 807 2343 pietate,
829 2277 865 2327 od
873 2277 911 2325 ul-

112 2349 262 2404 ciscendam
273 2365 361 2402 rrecem
375 2348 469 2400 matris
483 2349 653 2421 etfrutrunr,
675 2350 797 2402 introisse
811 2366 838 2401 ee
853 2365 912 2400 cum

106 2425 227 2494 pugione
237 2425 384 2477 cudualmn
398 2423 500 2474 Tiberii
510 2424 661 2478 dormientis
665 2441 679 2486 5
694 2435 721 2476 et
730 2423 911 2476 reticericordr'c

111 2509 262 2568 correptum
279 2500 381 2552 adiecto
394 2498 474 2570 ferro
488 2499 636 2553 recessisse:
661 2516 708 2550 nec
722 2499 806 2562 illum,
828 2515 910 2565 quum

109 2591 190 2642 quam
209 2574 342 2639 ctissime,
364 2583 415 2627 unt
431 2573 565 2641 inquirere
585 2575 725 2641 quicquum
745 2581 794 2625 cut
806 2571 913 2639 exsequi

109 2665 211 2703 aarum

167 2725 243 2780 Xlll.
260 2725 307 2779 Sic
316 2725 462 2795 imperium
473 2724 597 2792 adeptus,
609 2721 910 2790 populumRomauum,

108 2803 155 2856 rel
165 2801 268 2869 dicam
280 2800 420 2856 nomiman
429 2815 530 2872 genus,
541 2799 601 2854 voti
611 2803 767 2868 compotem
776 2798 855 2866 lecit,
867 2814 911 2850 er¹

661 2893 681 2938 L
692 2893 708 2937 2
